2640 4670
336 355 478 417 LIBER
505 355 699 418 SEXTUS.
991 357 1049 421 tao

39 529 106 599 latur.
155 515 363 602 Carmentalia
390 533 602 604 nominantur
624 534 713 629 quod
737 549 921 605 sacratum
944 534 1045 604 etse»
1144 625 1149 634 ἱ

39 635 85 703 riae
103 633 274 706 Carmentis.
319 637 515 732 Lupercalia
539 639 625 708 dicta
649 639 740 734 quod
761 639 795 708 in
818 636 974 734 lupercali
997 637 1046 706 lu·

39 740 102 831 perri
124 767 206 811 sacra
227 743 356 811 laeinnt
415 743 489 813 Rex
512 770 585 812 eum
607 742 705 814 serias
729 759 912 812 menstruas
936 739 1043 814 Nonis

40 842 181 916 lebmariis
203 848 311 931 edicit,
340 847 426 917 hunc
451 849 537 918 diem
558 847 759 920 Februatum
783 848 934 944 appellat.
979 847 1091 922 Feta

39 946 104 1016 hrum
121 949 220 1022 Sabini
241 971 506 1050 purgamentum,
537 971 569 1024 et
590 955 624 1023 id
647 953 681 1023 in
704 954 804 1022 saeris
830 953 950 1024 nostris
972 981 1043 1023 ver·

39 1051 186 1139 lumnam
209 1075 238 1128 et
258 1059 453 1154 Lupercalia
475 1059 667 1142 Februario,
692 1075 725 1128 ut
747 1059 781 1127 in
804 1059 1044 1156 Antiquitatum

39 1153 100 1228 lilris
119 1161 333 1234 demonstravi.
379 1162 562 1254 Quirinalia
586 1188 606 1233 a
629 1160 781 1252 Quirino,
804 1163 893 1260 qnod
916 1163 945 1235 ei
968 1164 1042 1236 Deo

40 1261 109 1334 leriae
133 1285 160 1338 et
185 1297 292 1340 eorum
321 1243 506 1353 liominnm,
545 1268 599 1365 qui
627 1268 847 1338 fornacalibus
877 1269 944 1338 suis
973 1295 1043 1341 non

40 1364 132 1440 luerunt
149 1373 255 1446 feriati.
298 1375 427 1445 Feralia
451 1375 492 1442 ab
515 1373 627 1443 inseris
652 1391 684 1443 et
705 1373 859 1458 serendo,
883 1373 973 1468 quod
994 1374 1042 1444 le·

40 1491 89 1542 runt
106 1493 161 1548 tum
182 1481 289 1576 epulas
314 1480 356 1548 ad
380 1477 579 1573 sepulcrum,
613 1479 730 1576 quibus
752 1479 803 1548 ius
824 1477 868 1548 ibi
891 1495 1041 1574 parenta-

39 1601 69 1644 τε.
89 1579 265 1654 Terminalia
289 1583 378 1681 quod
400 1585 428 1652 is
452 1583 521 1652 dies
546 1584 622 1652 anni
646 1599 804 1653 exuemus
828 1585 1040 1670 constitutum

40 1677 202 1760 duodecimus
236 1690 322 1759 euim
350 1688 473 1758 mensis
499 1688 559 1758 suit
586 1687 784 1758 Februarius
815 1705 847 1759 et
870 1715 969 1784 quom
991 1689 1040 1758 in·

40 1789 174 1876 ercalom,
194 1795 362 1865 inferiores
388 1795 530 1890 quinque
554 1794 624 1864 dies
648 1793 844 1866 duodecimo
868 1795 1041 1864 demuntur

39 2039 191 2130 munaum]
210 2050 380 2114 nominatur
397 2047 489 2108 Havn.

38 2135 88 2178 satra
105 2121 169 2208 lum]
193 2130 214 2188 F
218 2128 323 2188 lorent.
343 2127 436 2186 Havn.
458 2125 532 2188 cod.
553 2127 587 2186 B.
607 2125 685 2186 Edit.
726 2126 798 2185 rine.
818 2137 876 2186 vet.
897 2123 1039 2186 Rboland.

63 2197 151 2286 Seiopp.
169 2239 206 2254 ·-
237 2222 390 2267 sacratum
415 2205 482 2266 Ald.
502 2207 566 2268 Bas.
586 2205 673 2266 Paris.
726 2205 809 2288 ryph.
830 2203 918 2289 Vulg.
939 2205 1039 2266 Vertr.

49 2307 88 2366 ⁸-
102 2307 239 2347 sacrarum
259 2287 365 2348 Ventt.
387 2287 409 2348 l.
431 2287 467 2346 ll.

37 2351 96 2446 licta]
112 2383 159 2422 om.
178 2367 267 2426 Havn.

37 2430 92 2496 lenas
106 2457 247 2507 menstruas
287 2459 450 2506 menstruus
461 2447 564 2524 ferias
583 2445 677 2506 Havn.

36 2517 92 2604 ¹¹0f¹ls
107 2519 239 2588 februariis
279 2527 380 2584 nunctis
390 2526 576 2604 schrtmriet's
596 2524 712 2606 vulgat.

37 2591 107 2678 tacit]
124 2604 187 2662 dicit
207 2607 231 2665 E
253 2651 259 2666 .
282 2605 374 2687 princ.
395 2617 498 2664 vetust.
519 2603 607 2664 Rhol.
629 2605 733 2664 Venet.
754 2605 776 2663 l.
797 2605 833 2663 ll.

36 2667 145 2762 ltlrtnm]
155 2685 272 2760 februm
293 2685 385 2744 llavn.

36 2759 131 2818 uaeris
147 2763 262 2844 uostris]
285 2767 316 2824 in
335 2765 446 2824 secreuit
464 2764 586 2822 noslrct's
604 2763 692 2844 Vulg.
712 2797 752 2810 -
772 2764 802 2822 in
824 2783 882 2822 orn.
904 2761 1019 2844 Gryph.

35 2845 74 2889 ΜΠ]
89 2833 127 2974 “J
150 2840 213 2903 ΑΜ.
233 2845 298 2905 Bas.
324 2843 388 2904 Par.
408 2843 522 2926 Gryph.
543 2842 629 2926 Vulg.
655 2845 754 2903 Vertr.
776 2843 894 2982 ScioEp.
914 2874 954 2887 -
984 2864 1040 2899 non

59 2915 200 2981 etl'orent
221 2923 315 2986 Havn.
337 2923 410 2984 cod.
424 2925 459 2983 B.
480 2923 558 2983 Edit.
578 2926 669 3004 princ.
691 2933 796 2983 vetust.
816 2921 844 2980 R
866 2920 961 2980 oland.
982 2921 1041 2980 Ve-

58 3005 100 3052 net,
116 2998 135 3056 l.
153 3002 187 3060 ll.

33 3223 114 3313 tideo]
144 3238 214 3302 cod.
235 3243 271 3302 B.
306 3175 386 3326 aiilg.
406 3242 542 3304 Vertran.
565 3241 741 3378 SeiopQ—
761 3240 828 3298 ideo
848 3237 927 3297 Flor.
948 3235 1041 3304 Harn.
1095 3213 1102 3228 ⁸

56 3317 162 3454 ‘linig‘
181 3325 234 3458 dio
260 3322 339 3382 Edit.
360 3319 451 3406 princ.
472 3335 529 3382 vet.
551 3319 639 3380 Rhol.
689 3331 765 3380 euet.
787 3319 809 3377 l.
831 3319 867 3377 ll.
889 3316 954 3376 Ald.
977 3317 1039 3378 Bas.

32 3419 178 3539 latuaralibiii
205 3445 422 3560 jumacalr'lus
442 3479 572 3540 Floreat.
593 3480 685 3540 Harn.
707 3512 747 3524 —
767 3479 845 3537 sucis
864 3473 982 3557 Vulgat·

34 3537 110 3628 laralia]
120 3559 250 3632 ferialia
264 3561 395 3622 Florent
415 3561 510 3620 llavn.
531 3559 608 3620 Edit.
629 3559 719 3641 princ.
740 3570 798 3620 vet.
818 3555 961 3616 Rholand.
982 3553 1042 3614 Ve-

33 3635 245 3794 lllllltl't'lril'eree's
265 3719 382 3802 Vulgat.
402 3751 443 3764 ·—
463 3719 581 3796 inferiis
602 3717 720 3798 Sciopp.
896 3793 904 3809 ·

31 3787 244 3940 ‘alatavul
269 3799 592 3938 testatam
611 3799 928 3934 see‘ltza‘aar„

57 3941 114 4010 aaa
131 3923 216 4036 pini.
237 3901 403 4019 villuia.
423 3923 504 4018 vens
519 3959 541 4016 r.
562 3899 684 4016 alliu.
705 3955 768 4016 nas.
788 3953 875 4013 aava
897 3947 1011 4031 styps.

31 4013 175 4106 lllllsuera't
194 4039 271 4100 Ven.
291 4040 313 4098 l.
335 4040 371 4099 ll.

31 4105 106 4190 ll0ffl]
123 4113 209 4178 llam.
229 4143 352 4179 -cum
372 4117 470 4178 ceteri.
520 4163 530 4211 ἴ
575 4147 580 4154 ·

702 4205 841 4284 [w]
