2714 4686
273 274 276 281 ’
311 375 314 386 ’
372 283 511 359 tumen
542 277 776 360 (tCTanS.
1036 283 1096 358 m

33 462 166 534 Salina
188 478 220 536 et
240 460 380 542 Balnea.
412 459 529 558 Neque
552 461 592 531 eh
606 484 657 546 ¹et)
680 458 770 556 quud
792 456 905 531 dieunt
924 456 1098 548 Balneum,
1181 487 1196 496 ·

34 569 152 640 habet
174 567 413 642 multitudinem
437 565 656 650 eonsuetud03
679 589 755 632 num
778 563 867 662 quod
884 579 934 634 est
949 561 1097 636 utPrae·

40 673 155 759 dium,
177 669 359 757 Balneum
383 671 564 744 debuerunt
587 695 659 742 esse
681 670 774 766 plura
796 686 832 738 ιιι
845 668 997 753 Praedia,
1019 667 1099 740 Bat-

36 805 131 862 nea,
171 775 261 874 quod
281 803 350 846 non
373 793 439 848 este
476 802 544 848 uon
567 791 618 848 est
639 800 718 870 ergo
740 775 775 844 in
796 773 846 844 his
868 800 997 870 quoque
1021 799 1099 846 eua-

35 881 147 977 logie.

140 997 195 1064 ιδ.
239 985 314 1056 Alia
337 1013 431 1058 casus
453 985 575 1056 habeut
598 999 630 1054 et
650 998 758 1054 rectos
782 999 815 1054 et
836 983 1003 1081 obliquos,
1036 984 1172 1061 niatu)

39 1111 159 1166 rectus
183 1089 304 1178 solum,
327 1093 390 1164 alia
412 1090 512 1163 modo
537 1089 699 1185 obliquos.
731 1087 866 1160 Habent
887 1107 1041 1188 utrosque
1064 1107 1102 1162 ut
1113 1101 1165 1156 ιιι

41 1199 151 1283 Iun0,‘
166 1197 319 1278 inueniet
340 1213 449 1270 rectos
471 1195 571 1264 modo
595 1209 631 1264 ut
652 1193 806 1290 luppiter,
828 1195 1017 1290 Marspiter:
1042 1197 1100 1270 ob-

37 1301 162 1400 liquos
193 1301 300 1372 solum
328 1317 365 1372 ιιι
392 1299 494 1386 lovis,
533 1299 662 1384 lovem;
701 1324 770 1369 non
797 1325 874 1394 ergo
904 1301 938 1369 in
965 1301 1016 1372 his
1051 1318 1103 1373 est
1220 1375 1222 1378 ,
1345 1383 1346 1394 ¹

45 1405 217 1502 analogia.

140 1519 196 1590 Ἦ.
240 1507 338 1582 Nunc
360 1508 528 1578 videamus
550 1506 584 1577 iu
606 1507 660 1578 itta
684 1507 925 1606 quadripartite.
954 1511 1103 1585 Primum

49 1618 80 1690 si
105 1633 197 1688 esset
219 1615 381 1708 analogia,
404 1613 494 1683 utin
517 1612 568 1682 his
591 1614 692 1683 tribus
715 1605 867 1699 erticnlis,
888 1631 925 1685 ut
940 1633 989 1687 eet
1004 1616 1102 1707 Quis,

51 1721 186 1814 Quem,
210 1717 356 1811 Quoius;
383 1717 429 1788 sic
451 1717 610 1788 diceretur
632 1715 726 1808 Qui,
749 1716 879 1808 Quam,
902 1719 1045 1812 Quaius3
1071 1741 1103 1794 et
1198 1713 1210 1726 ’

50 2022 84 2072 et
104 2005 223 2148 balneass]
256 2021 289 2068 ut
309 2009 417 2069 balnea
436 2005 504 2068 Atd.
523 2003 609 2068 Basit.
629 2003 717 2067 Puris.
737 2005 852 2090 Gryph.
871 2041 912 2056 -
932 2025 960 2070 et
980 2011 1105 2072 balneae

94 2087 171 2152 Cod.
219 2137 223 2146 .
244 2101 333 2148 -et
353 2090 460 2148 balena
481 2087 573 2148 Hevn.

52 2169 157 2230 dieunt
175 2163 324 2249 balneum]
345 2168 445 2226 dicunt
464 2169 600 2226 balenum
618 2165 711 2227 Ham.

52 2244 294 2325 multitudinem]
305 2246 501 2306 multitudinis
519 2245 613 2305 Hern.

54 2320 237 2408 debuerunt]
259 2327 389 2386 debuerit
410 2325 462 2384 Ed.
485 2325 576 2405 princ.
596 2335 653 2384 vet.
672 2358 712 2370 -
733 2326 883 2386 debuerint
903 2326 990 2390 lthot.

55 2406 136 2489 quud
163 2427 222 2466 non
250 2403 308 2484 est]
341 2425 399 2464 nm.
423 2405 512 2464 Paris.
533 2403 647 2486 Gryph.
673 2436 713 2450 -
746 2406 854 2466 balnea
872 2423 1003 2468 nonest.
1023 2407 1105 2491 Ergo
1126 2387 1129 2394 Δ

97 2484 186 2546 Rhol.
206 2486 279 2546 Ven.
301 2486 323 2544 1.
342 2485 378 2544 ll.
398 2482 464 2552 ΑΜ.
486 2485 550 2544 Bae.
569 2483 656 2544 Puris.
679 2481 793 2566 Gryph.

56 2567 90 2626 in
110 2563 167 2645 his]
188 2566 220 2626 in
239 2565 302 2625 heis
320 2563 407 2647 Vulg.

201 2707 203 2712 -
397 2715 400 2722 .
451 2665 562 2747 Cap.
602 2665 711 2726 xxvt.
938 2725 942 2733 ,
1028 2689 1039 2706 ³

57 2769 138 2810 cesus
156 2743 281 2830 liabent]
300 2769 384 2807 casus
403 2746 490 2806 halet
511 2747 615 2808 Venet.
634 2747 657 2806 l.
678 2747 714 2805 11.
732 2741 799 2807 ntt.
820 2745 883 2809 Bes.
904 2746 970 2808 Per.
991 2746 1106 2832 Gryph.

98 2860 139 2874 -
156 2827 230 2888 idem
250 2840 281 2888 et
298 2825 385 2908 paulo
405 2837 480 2907 post.

59 2906 113 2968 alin
131 2918 225 2968 rectos
245 2949 253 2965 .
274 2950 283 2965 .
303 2951 311 2966 .
331 2903 481 2986 obliquos]
502 2925 557 2966 om.
577 2905 670 2966 Hevu.

59 2985 167 3048 habeut
184 2998 323 3066 utrosque
361 2985 467 3044 hubent
488 2985 572 3044 mode
594 2998 729 3061 utrosque
748 2983 822 3045 cod.
842 2985 878 3045 B.

60 3061 206 3148 luppiter]
226 3066 301 3126 Ven.
337 3109 344 3123 .
364 3065 402 3124 lt.
422 3063 510 3146 Vulg.
530 3063 628 3124 Vertr.
650 3063 768 3145 Sciopp.
788 3097 828 3110 -
847 3066 963 3142 Iupiter
981 3065 1095 3148 reliqui.

60 3141 230 3238 Marspiter]
251 3143 325 3206 cot.
344 3144 378 3204 B.
398 3143 485 3228 Vulg.
506 3143 605 3203 Vertr.
626 3142 745 3225 Sciopp.
764 3176 805 3191 -
823 3145 964 3222 maspiter
982 3145 1095 3228 reliqui.

60 3225 92 3286 itt
111 3219 171 3307 lus]
191 3225 222 3284 in
242 3225 304 3292 lueis
322 3219 411 3307 Vulg.
667 3241 670 3249 ⁴

448 3325 558 3410 Cap.
597 3327 720 3388 xxvtt.
746 3339 750 3358 ¹

63 3409 211 3548 vidfflmue
227 3405 258 3468 iu
282 3403 348 3491 illa]
383 3409 531 3470 rideamus
555 3409 615 3468 itta
642 3406 760 3489 Sciopp.
779 3438 820 3453 ·-
853 3408 980 3468 ridemur
998 3407 1029 3468 in
1049 3409 1110 3470 itta

146 3510 191 3549 vn.

64 3567 108 3630 hie
131 3565 222 3630 tribus
243 3563 384 3663 articulis]
417 3567 494 3646 tusci
510 3568 542 3627 in
562 3568 592 3628 ei
610 3568 665 3626 teis
684 3566 829 3626 articulis.
849 3565 889 3628 ric
909 3565 990 3627 Flor.
1010 3587 1111 3648 supra-

103 3648 196 3730 posito
222 3661 259 3710 Θ.
285 3679 325 3692 -
357 3669 389 3706 en
405 3645 501 3728 serini
516 3647 573 3707 teis
592 3647 730 3706 articulis
748 3647 841 3706 antt.
862 3679 902 3693 -
934 3647 998 3706 heir
1017 3649 1113 3707 tribus

104 3728 255 3790 articuleie
273 3724 362 3810 Vulg.
797 3755 807 3788 r

66 3803 158 3890 cuiue]
179 3810 283 3885 quoius
302 3805 396 3865 Hem.
417 3804 570 3945 Auffstiu.
590 3803 621 3864 iu
641 3805 784 3890 margine,
803 3804 903 3866 Vertr.
922 3837 963 3852 —
983 3807 1113 3866 cuiusce

105 3902 136 3946 ut
155 3901 197 3946 est
218 3887 284 3963 quis
303 3887 353 3946 cui
371 3885 445 3947 Coti.
493 3929 500 3944 .
950 3899 953 3905 '

66 3962 121 4049 eie]
139 3969 167 4027 ei
184 3967 277 4026 ann.
943 4013 946 4020 .

69 4066 130 4128 que,
148 4067 243 4126 quem,
263 4041 356 4124 cuiue]
379 4043 432 4106 Ed.
454 4045 544 4126 princ.
566 4043 653 4108 tthot.
675 4043 791 4128 Sciopp.
810 4079 850 4093 -
870 4067 929 4124 qua
945 4067 1020 4124 quae
1033 4046 1113 4106 cuius
