2640 4670
242 256 301 320 tet
592 251 735 315 LIBER
755 249 944 314 SEXTUS.

241 429 327 502 bulis
354 444 539 526 temporum
569 443 601 498 et
630 453 742 498 earum
767 457 877 502 rernm
901 451 984 526 quae
1007 427 1042 496 in
1063 426 1185 524 agendo
1204 429 1266 498 finnt
1291 499 1292 538 1

244 554 301 608 aut
327 535 477 606 dicuutur
505 561 579 604 curn
607 548 753 630 tempore
784 535 895 633 aliquo
926 549 962 604 ut
984 530 1137 618 Sedetur,
1167 534 1292 606 Antu-

243 641 346 726 latnr‚
382 639 589 736 Loquuntur.
640 641 750 735 Atque
773 640 802 709 si
825 665 891 737 qua
913 655 1008 710 erunt
1030 667 1068 710 ex
1089 639 1208 710 diverso
1227 663 1266 731 gc·

244 773 324 818 nere
347 744 513 826 adiuncta,
546 741 655 838 potius
680 744 869 840 cognationi
890 745 1064 814 verborum
1086 769 1180 840 quam
1198 742 1268 812 auli·
1291 743 1292 780 ³

246 849 310 921 tori
332 846 542 921 calumnianti
564 875 712 942 geremus
735 875 871 918 morem.
909 847 1017 918 Huius
1040 849 1087 919 rei
1109 864 1213 918 auctor
1230 871 1268 916 sa·
1291 869 1292 932 t

246 955 287 1024 tir
310 953 391 1024 mihi
415 967 639 1024 cunusnuus
663 971 696 1026 et
717 969 929 1024 unumunurn
951 969 984 1024 ct
1005 953 1051 1025 illi
1066 955 1100 1024 in
1117 953 1230 1050 quibus,
1247 952 1267 1018 si
1291 975 1292 1000 t

247 1085 316 1130 non
346 1073 472 1128 tautum
500 1057 674 1145 acuminis,
711 1074 745 1130 at
772 1057 845 1154 plus
874 1057 1055 1145 literarum,
1092 1059 1127 1128 in
1152 1081 1209 1156 qno
1233 1055 1292 1126 est?

248 1177 528 1236 aursroeunurs
553 1178 585 1232 et
606 1179 890 1250 unumunurm,
914 1164 970 1260 qni
992 1165 1118 1235 omneis
1139 1163 1226 1234 verta
1242 1187 1269 1229 u

247 1269 355 1341 verbis
378 1267 424 1336 ita
446 1266 601 1338 declinari
623 1270 783 1354 scribunt,
813 1284 849 1338 nt
869 1270 968 1339 verba
989 1267 1099 1340 literas
1121 1267 1181 1338 alia
1199 1289 1269 1335 assu·
1291 1305 1292 1334 t

176 1381 237 1455 (tt)
249 1387 359 1456 mant,
381 1371 446 1442 alia
466 1373 610 1456 mittant,
633 1373 696 1443 alia
719 1389 933 1458 commutent,
955 1389 993 1443 ut
1012 1375 1049 1444 fit
1069 1373 1105 1444 in
1127 1371 1229 1442 Turdo
1247 1383 1292 1440 et

251 1477 417 1550 Turdario
441 1477 496 1548 .T.
521 1477 706 1550 Turdelice.
745 1477 801 1548 Sic
823 1477 1023 1550 declinantes
1047 1477 1166 1550 Graeci
1183 1490 1270 1550 nostra

250 1702 411 1785 vocabulis]
433 1708 593 1768 vocabuler's
612 1705 669 1768 vut
691 1752 699 1768 .

251 1783 427 1883 loquuntur]
448 1784 521 1882 ⁰⁰5¹·
542 1787 578 1846 Β.
598 1729 692 1849 tthoi

292 1881 394 1944 quatur
412 1876 509 1926 cetera.
1291 1911 1292 1918 κ

251 1941 401 2032 geremus]
426 1944 493 2005 Ald.
514 1943 599 2007 Basil.
617 1945 706 2009 Paris.
727 1945 843 2030 Gryph.
862 1946 950 2032 Vulg.
969 1948 1107 2009 Vertran.
1126 1945 1270 2080 Scioppiss

289 2026 420 2106 gerr'mns
438 2024 517 2084 Edit.
536 2037 595 2088 vet.
614 2059 655 2072 -
680 2049 792 2088 oremus
810 2026 942 2088 Florent.
962 2027 1053 2091 Havn.
1076 2025 1149 2088 cot
1167 2025 1197 2084 Β.
1235 2019 1271 2080 dtl

290 2104 382 2184 princ.
403 2102 491 2164 Rhol.
510 2105 616 2166 Venet.
636 2107 658 2168 l.
678 2107 716 2166 ll.

253 2182 370 2277 auctor]
392 2183 504 2242 author
522 2183 590 2244 Atd.
610 2187 674 2246 Bas.
693 2219 735 2231 —
752 2201 843 2247 antor
862 2185 928 2246 Par.
949 2183 1064 2268 Gryph.

254 2263 299 2325 Ch
336 2260 447 2356 srppus]
467 2261 637 2339 Aristrjnpns
656 2265 788 2326 Turnebi
808 2265 916 2326 Codex.
1291 2299 1292 2312 ÷

254 2353 284 2404 et
353 2337 476 2480 upalell]
502 2341 582 2402 Flor.
602 2343 696 2406 Havn.
716 2345 804 2428 Vulg.
824 2345 924 2405 Vertr.
945 2345 1012 2406 Scio
1034 2365 1063 2424 p.
1084 2377 1125 2390 -
1143 2354 1191 2402 aut
1208 2336 1292 2399 Anti-¹

289 2419 446 2559 {aterPCo
462 2422 530 2559 'GR'
549 2422 628 2560 lPdit.
648 2424 741 2505 princ.
761 2436 819 2488 vet.
840 2423 982 2485 Rholand.
1010 2365 1117 2486 leuet.
1141 2424 1161 2484 l.
1179 2421 1210 2481 ll.
1225 2413 1273 2476 All

320 2521 357 2560 as.
402 2520 442 2560 ar.
494 2521 555 2638 ry}

255 2591 286 2640 et
305 2576 346 2638 illi
385 2592 439 2637 aut
459 2581 511 2640 itte
557 2579 607 2640 dit.
627 2579 718 2663 princ.
737 2594 843 2644 vetust.
861 2581 950 2644 Rhol.
970 2583 1076 2645 Venet.
1097 2583 1173 2643 1.1t

255 2658 279 2719 ri
299 2677 359 2718 uon
396 2657 526 2719 Florent.
552 2660 645 2720 Havn.
664 2694 705 2707 —
725 2677 752 2722 et
772 2665 803 2722 si
819 2687 875 2722 non
896 2663 993 2724 ceteri.

254 2737 852 2902 lileiiiirm]ulrltlell1rlrlirlnssrlltlnpirnll
860 2832 965 2884 vetut
988 2817 1078 2882 Rhol.
1104 2820 1204 2882 Venet.
1220 2815 1238 2874 l.
1251 2783 1292 2871 IL]

294 2897 384 2981 Vulg.
404 2897 503 2958 Vertr.
525 2897 642 2979 Sciopp.

256 2973 475 3060 Apollodorus]
494 2977 702 3054 Appolodorus
721 2977 799 3039 Edit.
820 2990 924 3040 retust.

256 3053 382 3136 omneis]
402 3056 533 3116 Florent.
552 3089 592 3102 -
612 3081 707 3116 omnes
726 3057 823 3119 ceteri
1291 3065 1292 3124 l

257 3155 359 3198 eorum
379 3133 496 3276 verbis]
523 3137 547 3195 F
549 3135 603 3196 lor.
623 3135 700 3196 Edit.
742 3137 811 3197 rinc.
833 3133 1292 3200 veetthotant.ven.1.tt.-1

296 3238 336 3277 ex
356 3216 446 3276 verbis
497 3215 544 3275 od.
564 3215 598 3275 Β.
617 3205 685 3276 Ald.
731 3237 768 3276 as.
788 3216 877 3277 Paris.
898 3215 1013 3299 Gryph.
1033 3216 1169 3278 Ver-trau.
1189 3211 1281 3290 Sciopp·

296 3325 337 3340 -
355 3317 394 3354 ex
415 3297 521 3355 verberis
539 3293 628 3378 Vulg.
647 3329 687 3339 —
707 3319 745 3355 es
765 3299 846 3355 urbis
864 3298 957 3357 Havn.

257 3370 368 3451 literas]
400 3373 522 3432 litteras
541 3372 618 3434 Edit
637 3373 729 3456 princ.
749 3387 806 3436 ret.
827 3374 973 3436 Rholand.
992 3376 1098 3437 venet.
1118 3377 1141 3435 1.
1165 3375 1199 3434 ll.
1216 3365 1282 3448 Vulg.

296 3451 433 3510 Vertran.
460 3451 578 3534 Sciopp.

256 3529 412 3610 assumant]
433 3531 565 3592 Floreut
579 3532 672 3592 Havn.
692 3531 769 3596 Edit.
791 3533 884 3616 princ.
904 3532 991 3594 Illrol
1012 3534 1119 3594 venet
1141 3535 1163 3592 Ι.
1183 3532 1217 3591 ll.
1234 3522 1282 3586 All

296 3613 360 3672 Bas.
379 3609 443 3671 Par.
465 3609 580 3694 Gryph.
599 3644 640 3657 -
669 3627 848 3673 assummum
869 3614 945 3674 Edit
966 3626 1072 3674 vetus&
1092 3645 1132 3656 -
1151 3613 1292 3672 adsumunt

298 3688 371 3751 cod.
391 3691 426 3751 Β.
446 3691 563 3772 Vulgat.
584 3691 719 3752 Vertran.
741 3692 859 3774 Sciopp.
1291 3687 1292 3748 l

255 3767 390 3852 mittant]
411 3769 490 3830 Flor.
511 3770 585 3830 cod.
605 3772 640 3830 B.
661 3771 737 3830 Edit.
781 3771 853 3830 rinc.
873 3783 978 3832 retust„
997 3771 1084 3832 Rhol.
1105 3772 1208 3832 Venet
1226 3766 1244 3824 l.
1259 3761 1292 3844 lll

296 3880 336 3893 -
356 3863 465 3908 mutent
483 3851 576 3909 Havn.
598 3848 665 3910 allel.
685 3849 748 3909 Bas.
792 3850 856 3912 aris.
877 3850 991 3933 Gryph.
1006 3883 1041 3897 -
1062 3853 1209 3922 amittunt
1227 3845 1292 3902 Tur·¹

296 3926 395 3988 nebus.
415 3927 473 3987 Vul
497 3929 622 3989 ,Vertu
642 3929 760 4010 Sciopp.

258 4017 289 4068 et
307 4006 437 4069 turdario
458 3949 505 4070 Jl‘.
525 4004 697 4090 Turdelice]
731 4008 811 4070 l'lor.
830 4007 962 4071 Turnehi
981 4019 1077 4086 verm,
1108 4007 1160 4090 qui
1179 4004 1292 4067 uttinun

706 1819 746 1833 —
765 1787 922 1866 loquuntur
941 1785 1072 1850 Florent.
1092 1785 1179 1850 Haut
1191 1817 1224 1829 -
1238 1781 1270 1842 lt-
