2714 4686
323 227 335 244 x
385 281 527 342 LIBER
552 281 776 344 DECIMUS.
1048 285 1106 348 581

32 456 87 526 ad
114 456 313 528 orationem.
337 456 434 547 Quae
456 457 620 556 pertinent
640 483 705 541 res,
728 481 786 526 eae
809 472 886 526 sunt
901 483 985 553 qulae
1000 459 1105 532 verbis

32 561 205 630 dicuntur
217 565 439 658 proportione,
461 589 568 659 neque
585 587 604 631 a
620 560 828 631 similitudine
846 587 976 658 quoqne
990 589 1106 636 vocum

34 664 235 770 declinatps
249 667 370 738 liabent
380 665 578 763 utIuppiter,
591 665 783 762 lllarspiter3
794 664 873 742 Iovi,
886 666 996 737 lllarti.
1012 667 1106 742 Haeo

34 768 138 840 enim
163 795 285 864 genera
308 772 476 842 nominum
500 788 532 842 et
553 796 689 841 numero
706 786 737 840 et
754 769 882 839 casibus
898 771 1014 842 similia
1030 790 1108 846 suut
1161 827 1163 832 -

35 876 293 970 [proportione.
321 877 454 968 similia]
483 877 567 946 inter
596 901 649 958 se,
688 874 777 970 quod
798 891 968 968 utrumque
993 893 1025 946 et
1047 905 1106 948 no·

34 979 138 1048 ruina
164 996 241 1048 sunt
264 997 296 1049 et
317 980 420 1050 virilia
444 997 537 1059 sunt,
573 997 606 1050 et
628 977 818 1073 singularia,
847 995 880 1048 et
902 1003 978 1047 casu
1002 983 1105 1051 nomi·

36 1083 154 1154 nandi
178 1099 211 1152 et
233 1083 342 1153 dandi.
386 1083 661 1179 Alterumgenus
684 1082 797 1153 vocale
820 1099 879 1166 est,
901 1082 936 1151 in
959 1110 1024 1178 quo
1048 1111 1103 1156 vo·
1121 1091 1169 1150 ttt

39 1213 102 1258 ces
127 1188 230 1259 modo
253 1207 331 1258 sunt
352 1189 562 1284 proportione
586 1187 722 1272 similes,
757 1213 826 1256 non
847 1212 917 1270 res,
950 1205 987 1258 ut
1008 1189 1105 1283 Biga,

38 1293 176 1386 Bigae,
215 1290 352 1388 Nuptia,
388 1289 540 1386 Nuptiae.
585 1290 700 1388 Neque
725 1291 810 1361 enirn
832 1290 870 1360 in
891 1291 940 1360 his
962 1318 1015 1361 res
1039 1293 1104 1363 sin·

42 1396 174 1492 gularis
199 1397 312 1468 subest
334 1423 415 1480 nna,
446 1423 546 1492 quom
570 1396 685 1466 dicitur
706 1397 808 1491 Biga,
837 1394 1023 1490 Quadriga,
1046 1425 1103 1468 ne-

42 1528 116 1598 que
141 1501 183 1570 ah
206 1500 257 1569 his
280 1501 415 1570 vocibus
440 1525 523 1594 qnae
547 1500 709 1570 declinata
723 1517 799 1570 sunt
815 1500 1037 1586 multitudinis,
1061 1502 1102 1572 si-

44 1607 211 1702 gnificant
232 1604 419 1702 quidquam,
442 1605 516 1675 ideo
541 1605 630 1701 quod
646 1606 755 1674 omnia
771 1604 994 1684 multitudinis,
1018 1632 1103 1702 quae

44 1709 257 1780 declinantur
278 1710 319 1779 ab
343 1736 409 1780 uuo
433 1725 467 1778 ut
490 1734 510 1778 a
532 1707 676 1793 lllerula,
715 1708 879 1792 Merulae,
916 1727 993 1778 sunt
1015 1711 1103 1780 eius·
1227 1785 1230 1790 ,

43 1815 143 1886 modi
166 1829 201 1884 ot
223 1814 378 1908 singulari
402 1813 652 1907 subiungantur:
676 1815 723 1884 sie
745 1811 893 1882 Merulae
911 1812 1012 1902 dnae,
1036 1813 1100 1884 Ca·

46 1918 144 1988 culae
174 1933 256 2003 tres,
293 1918 437 1990 Faculae
466 1934 626 2013 quattuor.
690 1915 804 2006 Quare
827 1943 900 1986 cum
923 1917 1100 1990 idemnon

45 2023 159 2120 possit
180 2023 346 2120 subiungi,
374 2047 474 2120 quom
497 2021 633 2092 dicimus
655 2022 761 2116 Bigae
784 2047 886 2106 uuae,
909 2020 1100 2118 Quadrigae

47 2129 152 2214 duae,
189 2125 331 2225 Nuptiae
359 2144 441 2214 tres,
478 2127 538 2200 sed
563 2152 626 2224 pro
660 2153 700 2199 eo
728 2151 812 2198 unae
844 2126 966 2221 Bigae,
1002 2121 1115 2200 binae

48 2432 199 2519 luppiter]
218 2435 322 2496 Vener.
342 2435 365 2494 Ι.
386 2435 422 2495 11.
442 2435 529 2512 Pius,
547 2433 634 2518 Vulg.
655 2467 696 2480 -
716 2433 830 2510 Iupiter
849 2432 961 2513 reliqui.

47 2527 221 2670 quspppp]
231 2531 390 2670 I{llorpr’ter
408 2531 432 2590 F
434 2530 489 2590 lor.
509 2530 588 2590 Edit.
608 2529 701 2612 princ.
720 2539 823 2591 vetust.
843 2526 931 2588 Rhol.
951 2529 1056 2590 Venet.
1077 2531 1100 2590 l.

118 2655 125 2670 .
205 2655 212 2669 .
257 2632 297 2670 as.

49 2706 150 2769 similia
168 2718 235 2766 sunt
249 2706 332 2765 inter
350 2701 396 2784 re]
422 2705 446 2764 F
448 2704 502 2764 lor.
522 2705 615 2764 Havn.
634 2738 674 2748 —
692 2704 808 2762 rr'rm'lio
826 2716 893 2761 runt
910 2704 1101 2778 proportione

90 2788 201 2847 similer
218 2788 296 2845 iuter
314 2807 345 2843 se
363 2783 441 2844 Edit.
461 2783 552 2866 princ.
571 2795 630 2844 vet.
650 2779 737 2842 Illtol.
759 2783 832 2841 Ven.
853 2782 875 2840 l.
889 2782 925 2841 ll.
945 2780 1012 2841 Ald.
1034 2781 1101 2842 Bao.

91 2866 156 2925 Par.
176 2863 205 2924 G
262 2862 291 2922 h.
310 2897 351 2910 -
382 2865 498 2925 similia
516 2876 585 2922 sunt
601 2863 791 2938 proportione
811 2905 820 2920 .
838 2861 954 2920 sr'milia
973 2862 1052 2920 inter
1069 2882 1101 2922 σε

90 2944 209 3029 vulgat.
243 2955 360 3020 ertum.
381 2941 499 3023 Sciopp.

50 3033 221 3120 unumque]
241 3039 333 3099 Harn.
352 3069 393 3084 -
412 3051 541 3115 utraque
558 3036 659 3098 ceteri.

52 3149 84 3200 et
102 3131 232 3217 nomina]
252 3134 332 3194 Flor.
351 3167 393 3181 -
412 3135 532 3194 nomino
551 3131 649 3194 ceteri.

53 3227 229 3309 nominandi]
251 3231 443 3291 nominandei
459 3245 488 3290 er
510 3229 624 3289 dondci
639 3225 726 3310 Vulg.
799 3219 801 3224 ’

55 3347 139 3408 quom
157 3321 279 3406 dicitur]
298 3325 391 3386 Havn.
410 3356 451 3371 -
469 3347 533 3385 cum
553 3324 662 3384 dicitur
680 3320 784 3383 celeri..

55 3421 185 3484 declinata
204 3417 288 3499 suut]
309 3423 461 3481 declinato
479 3434 547 3480 sunt
567 3419 684 3500 Sciopp.

56 3513 174 3598 catulae]
199 3515 336 3576 corollae
353 3514 421 3576 ΑΜ.
440 3517 505 3578 Bar.
524 3547 565 3562 -
584 3513 706 3592 caculas
724 3512 842 3598 Vulgat.
861 3511 961 3574 Vertr.
980 3509 1102 3594 Sciopp.

56 3609 153 3694 quom]
173 3611 265 3672 Havu.
284 3641 325 3655 ·-
343 3631 407 3670 rum
427 3610 525 3672 ceteri.

57 3707 166 3770 dicimus
184 3706 267 3792 bigae
286 3701 377 3788 unae]
410 3703 543 3766 Florent.
562 3705 654 3765 Havn.
676 3701 819 3764 eroland.
839 3701 913 3762 Ven.
933 3702 956 3761 l.
976 3701 1012 3762 11.
1031 3700 1103 3762 Ald.

93 3789 153 3848 Bas.
171 3787 234 3847 Par.
255 3784 369 3866 Gryph.
389 3819 429 3830 -
451 3785 573 3845 dicimur
592 3785 713 3864 bigorrae
731 3782 786 3842 Ed.
807 3782 900 3864 princ.
919 3791 976 3840 vet.
991 3813 1031 3826 -
1050 3781 1102 3842 di-

94 3869 178 3928 cimur
196 3888 273 3926 ranae
292 3867 379 3946 ligor
397 3863 485 3947 Vulg.
504 3863 641 3924 Vortran.
659 3894 700 3908 —
720 3864 805 3937 quod.
818 3883 876 3922 non
896 3861 1024 3920 dtcr‘mue-
1038 3882 1099 3920 una

95 3948 161 4042 diga
185 3943 319 4040 Sciopp.,
350 3941 400 4024 qui
419 3942 495 4006 haud
514 3941 600 4004 dubie
620 3961 721 4004 verum
742 3939 824 4002 vidit:
845 3939 914 4023 leg-2
934 3961 1022 4017 quom
1040 3960 1102 3998 oon
1196 3967 1197 3972 ¹

96 4027 212 4088 dicimus
228 4027 300 4106 drgo
318 4047 388 4084 una.
