2640 4670
234 269 295 334 2⁰⁰
580 265 724 330 ttnntt
744 191 941 330 dantus.

235 443 387 516 tibicines
416 460 486 514 tum
514 441 621 514 feriati
642 460 801 538 vagantur
822 471 882 542 per
903 444 1017 515 urbem
1039 457 1072 514 et
1093 443 1276 514 conveniunt

237 548 281 620 ad
303 547 419 620 aedem
440 548 623 620 Minervae.
684 549 768 622 Dies
788 549 897 622 Fortis
920 548 1086 620 Fortunae
1109 547 1275 642 appellatur

238 653 280 724 ab
303 651 418 724 Servio
443 653 555 724 Tullio
578 652 684 748 Rege,
705 654 795 751 quod
817 655 845 724 ir
867 654 981 724 sanum
1003 652 1111 724 Fortis
1125 651 1276 722 Fortunae

237 759 422 830 secuudum
450 758 601 829 Tiberim
632 774 719 829 extra
747 760 863 830 urbem
890 756 1033 829 Romam
1056 757 1215 828 dedicavit
1233 759 1277 826 Iu·

238 861 296 934 uio
318 889 445 935 meuse.
494 862 578 934 Dios
600 862 789 959 Poplifugia
810 863 937 936 videtur
957 861 1162 946 nominatus,
1201 865 1277 958 quod
1305 931 1306 962 p

239 992 281 1039 eo
305 967 357 1038 die
379 967 520 1040 tumultu
541 984 676 1063 repente
691 967 981 1066 lugeritpopulus3
1003 993 1071 1039 uon
1086 965 1189 1038 multo
1205 967 1277 1038 euim
1305 977 1306 1042 l

238 1088 318 1169 post
346 1073 399 1144 hic
428 1073 514 1158 dies,
554 1097 653 1168 quam
682 1072 839 1144 decessus
867 1073 1039 1144 Gallorum
1067 1099 1105 1142 ex
1127 1071 1221 1158 mle,
1254 1088 1278 1144 et

240 1176 297 1274 qui
319 1194 388 1248 tum
411 1179 472 1248 rub
495 1178 575 1248 urbe
597 1177 711 1275 populi
731 1195 769 1250 ut
790 1178 976 1250 Ficuleates
997 1202 1038 1248 ac
1059 1176 1233 1248 Fidenates
1254 1193 1278 1247 et
1305 1169 1306 1252 l

240 1282 367 1352 finitimi
397 1282 467 1369 atii,
507 1299 622 1354 contra
658 1309 721 1356 nos
755 1285 973 1355 coniurarunt
1031 1282 1168 1378 Aliquot
1197 1283 1277 1356 huius
1305 1265 1306 1348 l

241 1387 306 1458 diei
328 1387 466 1482 vestigia
486 1387 584 1481 fugae
607 1387 641 1457 iu
665 1389 765 1460 sacris
788 1404 963 1484 apparent,
992 1386 1033 1458 de
1055 1386 1173 1483 quihus
1195 1390 1276 1458 rebus
1305 1421 1306 1470 p

240 1490 479 1587 Antiquitatum
508 1491 581 1562 libri
608 1491 701 1588 plura
729 1493 883 1564 referunt.
942 1489 1058 1565 Nouae
1095 1489 1277 1588 Caprotinae

242 1595 331 1692 quod
363 1621 403 1668 eo
434 1597 485 1668 die
513 1597 548 1676 iu
575 1596 672 1668 Latio
701 1596 821 1667 lunoni
845 1594 1044 1693 Caprotinae
1065 1598 1216 1668 mulieres
1236 1623 1276 1667 sa·
1305 1649 1306 1698 ἐ

168 1705 229 1783 (tt)
242 1701 401 1784 militant,
426 1719 459 1773 et
481 1701 541 1772 suh
564 1702 715 1799 caprifico
736 1699 877 1791 laciuut3
917 1729 935 1774 e
959 1703 1110 1802 caprifico
1134 1703 1275 1776 adhibent
1305 1785 1306 1792 p

1305 1839 1306 1878 l

240 1989 303 2040 tum
322 1979 432 2062 feriati]
453 2003 516 2043 erun
526 1981 645 2060 feriati
660 1978 792 2042 Florent.
810 1980 905 2042 Haru.

240 2088 382 2171 vagantur
400 2098 454 2159 per
473 2073 590 2155 urbem]
624 2075 755 2138 Floreat
774 2079 867 2138 Havu.
887 2108 928 2123 -
955 2099 1012 2154 per
1030 2079 1129 2138 urbem
1149 2092 1278 2162 rugatur
1305 2077 1306 2150 }

280 2169 378 2216 cetere.

240 2256 275 2317 ab
296 2253 419 2342 Servio]
439 2281 460 2319 u
481 2257 581 2320 Seruio
601 2258 679 2320 Edit.
698 2268 820 2336 vetut,
839 2273 874 2323 ut
892 2275 958 2324 aute
979 2285 999 2321 a
1017 2263 1222 2324 similitudine.
1305 2259 1306 2302 ἶ

279 2435 315 2494 Β.

240 2353 361 2495 Tullio]
384 2355 515 2416 Floreut.
535 2353 629 2416 Horu.
648 2353 765 2495 Vulp'at.
787 2355 885 2417 Verte.
909 2358 1027 2497 Sciopp.
1047 2391 1087 2404 —
1110 2359 1196 2418 Tullo
1216 2353 1277 2416 (iod

363 2433 501 2517 dpriuc.
519 2445 578 2496 vet
598 2433 685 2496 Rhol.
736 2455 781 2496 en.
802 2435 826 2498 1.
844 2437 881 2498 11.
901 2437 968 2498 Ald.
1014 2457 1052 2499 aa.
1070 2437 1160 2499 Paris.
1177 2433 1279 2516 Grypb„
1305 2435 1306 2516 ]

241 2535 321 2616 quod
340 2535 381 2620 is]
402 2539 485 2616 quod
502 2538 550 2598 dis
568 2537 663 2600 Havn.

240 2630 387 2712 Tiberim]
411 2633 546 2717 Tyberim
564 2631 632 2694 Ald.
653 2633 717 2694 Bac
735 2632 801 2694 Par.
822 2631 937 2718 Gryph.

239 2725 416 2812 poplilugia]
450 2730 474 2789 F
476 2726 581 2790 lorent
601 2729 695 2792 Havu.
715 2729 792 2790 Edit.
812 2730 905 2811 priuc.
924 2742 1029 2792 vetuct.
1049 2729 1137 2791 Bhol.
1156 2763 1195 2778 —
1209 2729 1281 2806 poli-

270 2811 301 2887 s
337 2810 368 2868 ia
389 2807 462 2869 Ven.
483 2809 504 2868 l.
525 2810 560 2870 ll.
581 2841 622 2856 ·-
650 2811 852 2888 populisugu
873 2809 947 2876 Cod.
967 2811 1002 2870 B.
1023 2843 1063 2858 -
1078 2811 1281 2891 populisugr'a
1305 2879 1306 2890 χ

279 2886 347 2948 Ad.
366 2887 431 2950 Bac.
449 2887 515 2948 Par.
535 2886 650 2972 Gryph.
669 2889 787 2972 Vulgat.
805 2890 906 2951 Vertr.
927 2889 1043 2972 Sciopp.
1199 2905 1203 2910 '
1305 2895 1306 2900 ’

239 2990 367 3051 tumultu
387 2989 524 3074 repente]
545 2990 676 3052 Floreut.
700 2991 795 3054 Havn.
814 3023 855 3042 ·-
873 3008 989 3070 repente
1007 2995 1137 3055 tumultu
1156 2990 1249 3055 ceteri.
1305 2999 1306 3068 ς

237 3081 413 3168 Ficuleates]
426 3088 583 3166 ficultutes
601 3087 695 3147 Havn.
1305 3083 1306 3090 ἵ

237 3199 271 3242 ac
290 3179 456 3259 Fidenates]
491 3179 623 3242 Floreat.
644 3181 786 3244 Rboland.
806 3181 911 3245 Venet.
932 3185 952 3244 l.
974 3185 1011 3244 ll.
1030 3182 1098 3244 tlt.
1118 3183 1182 3244 Bas.
1202 3180 1283 3243 Parit
1305 3205 1306 3216 ¹

279 3257 395 3400 Grpplr.
414 3258 531 3344 Vulgat
555 3261 691 3323 Vertran.
714 3263 833 3345 Sciopp.
853 3296 894 3311 -
913 3278 942 3325 et
961 3265 1123 3326 Edenates,
1139 3266 1230 3325 Havn.
1250 3293 1285 3307 -

277 3340 317 3400 Fi
337 3353 437 3401 anates
456 3340 529 3402 Cod.
550 3339 584 3402 B.
606 3341 683 3402 Edit.
704 3343 796 3422 princ.
817 3355 876 3406 vet.

239 3440 445 3524 conlocarunt]
479 3441 559 3504 Flor.
580 3441 673 3506 Havn.
700 3443 774 3506 Cod.
793 3444 829 3505 B.
852 3444 941 3528 Vulg.
959 3444 1094 3508 Vertrau.
1116 3445 1232 3526 Sciopp.
1249 3475 1286 3488 -

277 3522 502 3582 coniuraverunt
529 3521 606 3583 Edit
625 3523 718 3604 princ.
738 3535 842 3586 vetuat
866 3525 1010 3588 Rholaud
1031 3527 1106 3589 Ven„
1127 3527 1149 3588 1.
1169 3528 1205 3588 11.
1224 3521 1306 3596 att„

277 3597 343 3663 Bar.
362 3599 451 3662 Paria.
471 3599 586 3684 Gryph.
1305 3607 1306 3658 i

238 3699 313 3785 diei]
335 3705 387 3764 det
403 3703 481 3765 Edit.
501 3706 593 3786 princ.
611 3717 669 3768 vet.
688 3738 729 3753 -
749 3707 813 3768 dici
828 3706 922 3770 Havn.

238 3801 342 3890 ueris]
361 3808 472 3868 sacree's
489 3807 577 3893 Vulg.

237 3904 414 3993 sacrificant]
432 3913 641 3992 sacrficautur
658 3911 750 3973 Havn.

238 4029 256 4072 e
276 4005 428 4095 caprifico]
448 4009 578 4077 Floreat.
598 4015 692 4080 llarn.
712 4048 752 4064 —
772 4029 801 4080 ct
821 4039 837 4080 e
854 4017 993 4098 caprifico
1012 4017 1112 4079 ceteri,
