2732 4686
439 248 583 322 trees
608 245 779 326 nonus.
1077 255 1137 317 rer

171 433 224 502 11.
267 419 365 516 Quas
388 447 492 506 novas
515 423 605 494 verbi
628 419 863 495 declinationes
885 423 1011 498 ratione
1033 427 1134 504 intro·

74 533 195 604 ductes
222 544 357 626 respuet
377 525 502 614 forum,
537 528 587 600 his
610 527 689 598 boui
711 543 844 624 poetae,
881 530 1020 603 maxime
1041 557 1132 609 scae·

73 637 163 723 uici,
185 631 424 722 consuetudine
447 633 597 728 subigere
621 631 727 705 aureis
750 631 863 730 populi
885 633 1021 722 dehent,
1044 641 1133 734 quod

71 758 196 840 poetae
226 737 364 809 multum
391 739 520 834 possint
547 738 581 807 in
611 737 690 820 δοες
727 753 862 834 propter
890 763 947 808 eos
972 743 1133 836 quaedam

71 847 179 918 verba
198 845 233 916 iu
257 842 474 918 declinatione
497 842 630 929 melius,
669 844 832 940 quaedam
854 843 995 914 deterius
1019 845 1132 924 dicuu-

73 967 139 1026 tur.
199 945 416 1021 Consuetudo
443 946 602 1043 loquendi
635 963 685 1021 est
719 947 753 1018 in
787 963 893 1036 motu3
933 949 1043 1048 itaque
1076 978 1131 1025 so·

72 1055 123 1126 let
150 1053 220 1126 lieri
249 1080 288 1122 ex
310 1053 444 1124 meliore
468 1051 620 1124 deterior.
676 1051 817 1122 Meliora
839 1053 938 1124 verba
959 1081 1131 1152 perperam

75 1159 169 1230 dieta
190 1156 278 1254 apud
301 1157 470 1252 antiquos,
493 1155 621 1252 aliquos
643 1171 778 1252 propter
799 1175 914 1252 poetas
938 1187 1007 1230 nou
1027 1163 1129 1236 ruodo

74 1287 168 1334 nunc
190 1262 338 1332 dicuutur
359 1277 463 1346 recte,
486 1261 546 1330 sed
569 1261 667 1332 etiam
690 1285 773 1356 quae
796 1263 921 1334 ratione
945 1264 1131 1341 dictasunt

74 1385 165 1455 tum,
185 1393 273 1438 nuuc
294 1391 466 1462 perperam
489 1365 648 1438 dicuutur.

167 1483 220 1548 12.
266 1469 379 1562 Quare
403 1470 459 1567 qui
480 1469 524 1540 ad
548 1467 819 1542 consuetudinem
842 1495 904 1540 nos
927 1493 1061 1562 vocant,
1100 1479 1129 1549 si

75 1577 123 1649 ad
143 1595 275 1663 rectam,
297 1601 487 1674 sequemur;
510 1575 544 1645 in
568 1601 608 1646 oo
631 1601 763 1672 quoque
786 1575 873 1645 enim
896 1593 947 1648 est
960 1581 1128 1678 analogia:

502 1827 611 1910 Cap.
651 1828 703 1888 xl.

75 1907 212 2072 ratione}
226 1910 356 1970 rationes
375 1905 453 1969 Flor.
475 1908 569 1968 Havn.

74 2002 195 2150 muel
238 1990 349 2064 respuit
370 1984 444 2048 eod.
464 1987 498 2047 B.
518 1985 572 2048 Ed.
593 1985 683 2068 princ.
707 1998 811 2048 retest
830 1987 918 2050 Rhol.
938 1991 1013 2052 Veu.
1034 1994 1056 2053 1.
1077 1995 1113 2057 11.

74 2066 710 2243 :menichvliegirelieiirlli-Vrili.sili-'liin
730 2145 848 2229 Sciopp.
866 2179 908 2194 -
925 2153 1034 2212 scenici
1049 2151 1127 2214 Edit

116 2250 209 2310 princ.
228 2237 337 2288 vetust·
352 2259 393 2272 -
410 2247 515 2286 scenrct
535 2224 648 2304 reliqui.
807 2281 810 2288 .

73 2303 187 2404 aureis]
220 2305 351 2368 Floreat.
370 2305 462 2365 Havu.
481 2303 572 2398 Vulg3
589 2305 724 2366 Vertran.
744 2305 863 2388 Sciopp.
882 2335 923 2356 -
946 2311 1031 2372 aurr’s
1049 2310 1127 2376 Edit

73 2407 206 2550 poisiffi
227 2397 352 2541 {sitierint
364 2381 595 2525 ali‘kiilrllliiri'l.
616 2465 650 2524 ll.
672 2462 739 2526 Ald.
760 2464 823 2526 Bas.
843 2464 932 2528 Paris.
953 2467 1067 2551 Gryplr.
1086 2503 1127 2519 .-

74 2559 209 2686 deieilii
221 2545 372 2715 digitur]
394 2621 524 2680 deterius
544 2622 655 2680 dicitur
673 2621 751 2681 Edit.
771 2619 864 2704 princ.
884 2637 942 2686 vet.

73 2727 112 2766 ex
132 2703 252 2764 meliore
272 2699 414 2780 deterior]
436 2699 510 2760 Cod.
530 2701 565 2764 li.
585 2700 661 2762 Edit.
681 2699 769 2785 Vulg.
790 2702 925 2764 Vertran.
941 2705 1066 2788 -Sci0pp.
1085 2741 1124 2754 —

116 2796 146 2843 et
163 2785 284 2843 meliore
304 2783 453 2842 deteriora
474 2780 553 2839 Flor.
573 2779 627 2840 Ed.
647 2781 740 2862 princ.
760 2792 864 2844 velust.
883 2815 923 2828 -
953 2800 986 2846 ut
1005 2787 1126 2848 melrbre

117 2864 264 2923 deteriora
290 2857 377 2920 Rhol.
396 2859 471 2920 Ven.
491 2859 514 2918 l.
534 2859 570 2920 ll.
595 2890 635 2904 -
668 2874 696 2919 et
716 2862 843 2921 meliora
863 2864 1013 2923 deteriora
1032 2865 1125 2940 Haru.

114 2973 155 2987 -
175 2955 207 3001 ut
225 2941 365 3011 meliora,
387 2939 535 2998 deteriora
555 2935 622 3002 ΑΜ.
642 2937 704 2998 Bas.
724 2939 804 3000 Paris
835 2939 949 3022 Gryph.
969 2975 1008 2989 —
1034 2935 1125 3008 Fert.

116 3044 155 3081 ea·
174 3022 294 3080 meliore
314 3019 457 3090 deterior,
478 3041 517 3078 ex
538 3019 683 3079 deteriore
702 3021 815 3080 melior.
854 3023 950 3080 ferbet

72 3121 226 3184 perperam
246 3095 338 3180 dicta]
355 3121 409 3173 per
430 3121 511 3156 erum
531 3100 641 3156 dictum
660 3095 729 3157 Edit
759 3098 850 3178 princ.
871 3111 975 3161 velusl.

71 3202 152 3242 nune
171 3177 305 3239 dicuutur
325 3121 428 3257 rentes
439 3175 556 3260 vulgat.
574 3176 674 3237 Verte.
696 3176 813 3260 Sciopp.
833 3211 873 3224 -
893 3202 967 3240 nuuc
987 3181 1126 3244 dicaretur

113 3273 192 3320 recte
209 3258 276 3320 libri
295 3270 407 3318 veteres
428 3277 536 3316 omues.

70 3361 151 3400 uuus
170 3335 336 3420 perperam]
359 3334 432 3397 Cod.
453 3337 487 3394 B.
511 3333 597 3419 Vulg.
616 3334 752 3396 Vertrau.
774 3337 861 3420 Seiop
885 3382 892 3396 .
913 3372 953 3385 -
973 3363 1041 3399 rrum
1056 3363 1124 3418 per.
1162 3331 1165 3342 '

109 3441 213 3496 peram
238 3417 318 3478 Flor.
344 3417 399 3476 Ed.
418 3415 509 3498 princ.
530 3427 634 3478 taust.
661 3413 750 3476 lthot.
771 3416 839 3494 (nri)
859 3359 964 3479 i'enet.
985 3419 1007 3480 l.
1029 3421 1065 3481 ll.
1084 3453 1125 3472 -··

112 3521 169 3559 nun
185 3519 342 3576 perperam
360 3497 454 3558 flavo.
472 3494 540 3555 Ata
560 3495 625 3558 Bae.
644 3494 709 3556 Par.
731 3492 846 3578 Grypb.

485 3594 511 3657 C
530 3618 546 3658 a
565 3619 596 3679 p.
644 3597 711 3658 ΧΗ.

69 3675 197 3760 rectam]
214 3693 296 3740 recto
318 3677 410 3740 Ham.

69 3757 249 3898 sequemnrpi
273 3758 354 3854 Flor.
373 3757 466 3818 Ham.
485 3753 574 3817 Ithot
594 3755 668 3816 Veu.
688 3758 711 3816 l«
732 3757 767 3818 11.
788 3757 854 3819 ΑΗ.
876 3758 940 3820 Bas.
959 3783 1000 3806 ⁶-
1018 3783 1123 3839 requa-

70 3857 310 4000 quiirie‘iniinul
337 3917 413 3978 enim
433 3935 545 3994 quoque
562 3913 681 4000 Vulgat.
701 3914 837 3979 Ver-tran.
859 3917 977 4002 Sciopp.
997 3951 1037 3968 ...
1056 3944 1122 4004 ¹⁰⁴9

111 3999 188 4060 mim
207 4021 320 4076 quoque
339 3993 476 4078 Stephon.
496 3990 629 4076 Append.
650 4015 714 4078 pag.
734 3997 782 4057 54.

721 4089 924 4169 ,[3οἾ
