2714 4686
374 297 515 388 nmen
541 295 763 360 uncinus.
1036 297 1099 362 aaa

25 499 127 571 quae
152 499 222 545 nou
245 473 464 554 declinantur,
488 473 638 566 analogia
661 500 731 544 uon
753 474 851 543 debet
872 471 983 571 quaeri
1004 470 1096 542 utin
1117 543 1120 550 ,

25 580 90 648 his
115 577 286 675 Nequam,
320 578 417 675 Mox,
452 576 526 646 Vix.
578 577 631 646 De
655 578 704 647 his
727 578 831 671 magis
854 577 888 646 in
911 575 974 646 alin
999 599 1097 671 qnam

26 685 69 752 in
103 683 172 752 alin
204 699 329 752 erratur
355 681 467 766 verb03
507 681 618 750 dicunt
646 682 732 751 enim
761 707 829 752 non
858 682 977 750 habere
1000 705 1096 750 casua

26 789 123 858 Mox
147 803 181 856 et
199 769 284 868 'Vin
323 781 475 880 Nequam
498 785 636 870 habere,
670 787 760 881 qnod
783 787 929 856 dicamus
954 785 1007 854 hic
1030 783 1096 858 Ne-

29 915 142 987 quam
167 906 198 958 et
221 887 316 958 huius
339 885 489 984 Nequam
514 906 547 959 et
567 889 642 960 hnic
664 889 829 987 Nequam:
852 917 926 959 cum
944 889 1031 974 enim
1048 889 1097 958 di-

30 996 146 1065 cimus
170 993 222 1062 hic
240 990 391 1090 Nequam
415 1009 447 1062 et
468 994 564 1064 huius
588 993 747 1092 Nequam,
770 1013 838 1064 tum
861 993 1001 1064 hominis
1025 993 1095 1064 eins

30 1127 140 1197 quem
164 1098 312 1169 volumus
337 1097 508 1168 ostendere
532 1125 605 1170 esse
629 1125 789 1194 nequam,
829 1099 965 1170 dicimus
989 1123 1097 1183 casus,

33 1222 70 1274 et
105 1204 137 1274 ei
164 1204 378 1298 preponimus
401 1208 478 1272 tum'
492 1201 555 1274 Hic
576 1231 698 1274 nomen
722 1203 839 1300 quoius
862 1221 1013 1298 putamus
1036 1229 1094 1272 ne-

33 1308 188 1406 quitiam.
233 1305 336 1396 Qnod
359 1307 552 1376 vocabulum
575 1306 696 1378 sactum
718 1325 754 1378 nt
777 1334 814 1376 ex
837 1303 914 1378 Non
938 1305 1094 1391 et,Volo,

32 1413 149 1497 Nolo,
176 1410 223 1481 sic
248 1440 285 1482 ex
307 1409 357 1481 Ne
381 1427 413 1480 et
435 1409 642 1509 Quidquam,
664 1413 742 1482 item
765 1412 873 1482 media
895 1412 1008 1485 exeritu
1030 1411 1092 1508 syl·
1121 1407 1122 1410 ¹

33 1519 134 1604 laba,
172 1533 322 1588 coactum
345 1531 395 1586 est
417 1514 577 1612 Nequam.
620 1518 733 1614 Itaque
757 1534 795 1587 nt
815 1543 890 1588 eum
913 1543 1009 1612 quem
1031 1543 1098 1613 pu·-

36 1849 138 1916 verbis
158 1869 229 1932 quae
249 1845 327 1930 nnn]
349 1850 439 1912 verbis
458 1875 517 1929 qua
538 1875 593 1912 nnn
612 1851 690 1912 Edit.
710 1850 802 1932 princ.
821 1861 880 1911 vet·

36 1929 171 2013 analogia
191 1926 269 2012 nnn]
288 1931 434 2010 analogia
453 1953 489 1990 nc
509 1954 565 1991 non
585 1931 678 1992 Havn.

39 2012 144 2072 dicunt
163 2008 239 2071 enim
258 2004 337 2090 non]
358 2013 433 2069 dan!
454 2012 529 2069 enim
549 2035 605 2072 non
626 2010 705 2071 Flor·
725 2009 818 2072 Ham.

38 2092 89 2152 vix
110 2109 231 2170 nequam
271 2091 320 2148 nix
339 2112 430 2165 neque
447 2089 541 2150 Iluvn.

39 2183 73 2232 et
91 2163 191 2386 huin?
211 2084 304 2228 iduum
322 2199 364 2214 -
383 2169 470 2228 huius
488 2168 585 2230 ceteri.

40 2261 72 2311 et
91 2247 158 2308 huic
170 2247 290 2388 1ἏῈΙοικ
309 2280 350 2294 ·-
374 2247 442 2309 huic
461 2249 559 2310 ceteri.
579 2283 620 2295 -
639 2261 668 2308 et
686 2247 756 2309 huic
775 2291 782 2307 .
804 2291 812 2306 .
832 2291 840 2307 .
861 2247 948 2306 huius
966 2269 1090 2325 nequam

80 2349 138 2388 om.
203 2348 251 2387 vn.

40 2447 108 2492 enm
126 2421 201 2484 enim
221 2421 339 2484 dicimus
357 2421 404 2482 hic
424 2444 545 2503 nequam
565 2436 595 2484 et
616 2423 697 2486 huius
716 2443 838 2502 nequam
857 2417 942 2558 tuma
957 2421 1089 2484 Florent.

80 2538 119 2549 —-
145 2525 207 2562 cum
227 2503 424 2596 intellegemus
444 2518 497 2562 aut
518 2503 596 2564 Edit.
616 2504 708 2586 princ.
728 2514 786 2564 vet.
805 2501 894 2561 Rhol.
943 2523 989 2562 en.
1009 2503 1031 2562 1.
1051 2503 1086 2564 ll.

80 2581 148 2642 Ald.
167 2579 253 2642 Basil.
272 2580 360 2643 Peru.
381 2567 496 2662 Griph.
521 2615 562 2627 -
594 2605 657 2644 cum
680 2583 877 2663 intellegimus
896 2595 950 2641 aut
969 2580 1088 2666 Vulgnt.

80 2663 178 2722 Vetti.
199 2660 317 2742 Sciopp.
336 2693 376 2706 -
396 2675 458 2720 tum
476 2661 570 2720 llavn.
652 2699 655 2706 ι

40 2777 125 2839 quem
144 2752 293 2838 volumus]
314 2781 390 2834 quae
409 2759 536 2818 columns
554 2757 648 2814 Havn.

39 2836 226 2920 proponimus
246 2847 308 2896 tum
329 2831 471 2918 hicnon]
503 2835 583 2896 Flor.
601 2867 641 2880 -
657 2835 864 2909 praeponimus
884 2848 943 2894 tum
962 2858 1018 2895 non
1038 2837 1087 2896 hic

79 2917 220 2975 Haun-
235 2919 424 2992 proponimus
445 2941 501 2975 nnn
522 2913 598 2974 Edit.
618 2913 710 2994 princ.
729 2925 787 2974 vet.
808 2913 895 2974 Rhol.
914 2913 988 2974 Ven.
1007 2916 1029 2974 l.
1050 2916 1085 2976 ll.

79 2993 145 3055 nid.
165 2995 229 3054 Bas.
249 2995 335 3055 Paris.
357 2994 472 3077 Grth.
492 2994 830 3088 -Jraeponinms'non
851 2991 965 3089 vulgat.
987 2994 1085 3056 Verte.

80 3107 118 3120 -
162 3077 345 3149 rnepnm'mns
370 3099 470 3136 nomen
495 3073 627 3153 Sclopp.;
661 3085 804 3154 posterius
825 3091 990 3154 recepimus.
1043 3074 1085 3134 M.

80 3154 134 3212 VA
172 3157 211 3213 {0
238 3155 269 3212 in
293 3156 381 3214 la'bn's
405 3153 467 3214 DE
488 3151 647 3213 LINGUA
664 3151 837 3216 LATINA:
870 3168 903 3211 ue
923 3175 962 3212 ex
981 3176 1038 3213 nem
1057 3167 1087 3213 ct

81 3235 158 3303 volu,
188 3233 300 3308 inquit,
328 3233 410 3294 ann
421 3237 480 3313 fit,
509 3235 552 3292 sic
572 3254 610 3291 ex
629 3255 665 3291 ne
684 3245 712 3291 et
731 3233 887 3308 qm'cqnam
905 3235 1005 3292 nudae
1023 3235 1085 3310 syl-

79 3313 151 3452 (uldin
167 3314 301 3450 qu'trita
332 3314 513 3390 communitur
542 3312 688 3388 Nequam.
739 3311 776 3372 A.
807 3309 978 3374 GELL1US
1008 3311 1097 3376 libeu-

41 3507 99 3546 nou
119 3435 236 3568 qiuoius]
257 3487 350 3548 Havu.
369 3519 410 3534 -
429 3512 486 3548 non
505 3487 587 3548 cuius
606 3484 703 3546 ceteri.

41 3575 96 3662 nic]
108 3584 149 3658 fit
167 3583 210 3642 sic
230 3579 351 3644 Gellius.
372 3617 412 3629 —
431 3585 474 3644 sic
492 3584 584 3642 etiam
598 3603 638 3641 ne
656 3581 750 3641 Havn.

43 3673 205 3759 quidquam]
225 3679 367 3757 quiquam
385 3677 464 3738 Edit.
484 3677 575 3760 princ.
595 3687 653 3736 vet.
981 3745 985 3758 .

42 3771 107 3832 item
126 3771 214 3834 media
234 3819 240 3836 .
263 3821 270 3834 .
293 3820 300 3835 .
320 3773 511 3856 nequidquam
531 3767 666 3856 dicimus]
687 3793 745 3860 em.
765 3771 841 3834 Edit.
861 3775 952 3859 princ.
973 3789 1029 3840 vet.
1042 3811 1081 3826 -

78 3852 145 3910 item
162 3872 219 3914 om.
241 3853 361 3916 Gellius.

43 3943 156 4029 extrita]
176 3953 308 4011 exterita
327 3973 371 4032 pr.
391 3973 429 4012 m.
448 3951 541 4010 Havn.
1090 3925 1120 3962 ι’.

43 4039 181 4125 coactum]
199 4049 386 4124 compositum
405 4045 537 4109 Gellius:
