2732 4686
419 257 560 392 moun
589 257 761 368 nonus.
867 319 871 332 ·
1058 306 1116 369 sn

43 505 165 552 raena
192 479 287 576 lupo,
324 465 377 550 bis
407 481 533 568 soleae,
567 478 652 552 haec
679 471 855 553 muraenae
880 499 913 553 et
933 468 1117 585 mustellae}

47 587 109 656 sic
136 585 218 670 aliis,
240 601 277 654 ut
297 585 402 654 maior
422 585 476 654 ille
499 613 653 656 numerus
678 586 718 655 sit
733 587 978 682 similitudinum
995 575 1118 674 earum,

46 716 148 788 qnae
173 706 249 760 suut
271 690 444 784 separatim
467 691 501 760 in
522 689 706 776 muraenis,
746 691 920 786 separatim
942 691 976 762 in
1000 691 1119 778 asellis,

49 796 108 865 sic
137 795 173 863 in
200 793 374 888 generibus
404 794 487 865 aliis.
547 795 661 886 Quare
692 822 766 864 cum
789 790 823 863 in
847 793 1134 867 declinationibus
1170 800 1174 813 '

47 899 236 970 verborum
258 905 412 969 numerus
435 900 478 969 sit
498 925 637 996 magnus
661 925 680 969 a
704 899 913 969 dissimilibus
935 901 1043 972 verbis
1067 929 1118 972 or-

51 1021 132 1087 tus,
173 1001 262 1100 quod
297 1005 393 1074 etiam
422 1005 473 1074 vel
495 1007 601 1075 maior
624 1005 728 1096 estin
752 1004 868 1102 quibus
892 995 1117 1078 simulitudinis·

49 1109 285 1204 reperiuntur,
324 1110 545 1180 confitendum
569 1127 715 1180 estesse
739 1110 920 1205 analogias.
969 1107 1117 1207 Itemque

54 1241 140 1285 cnm
173 1239 212 1283 ea
239 1239 307 1282 non
336 1213 438 1284 multo
468 1213 593 1299 minus,
632 1239 730 1310 qnam
758 1215 793 1284 iu
820 1215 971 1286 omnibus
1001 1215 1118 1300 verbis,

52 1319 208 1414 patiatur
228 1319 276 1388 uti
299 1320 502 1389 consuetudo
526 1321 718 1404 communis,
740 1319 908 1390 fatendum
923 1321 1015 1406 illud,
1037 1347 1118 1418 quo·

55 1423 242 1493 dammodo
277 1423 449 1516 analogian
481 1426 572 1520 sequi
600 1451 662 1496 nos
687 1425 805 1495 debere
827 1427 1014 1512 univorsos,
1053 1427 1119 1495 sin-

56 1529 163 1624 gulos
193 1545 316 1612 autem,
354 1546 583 1626 praeterquam
611 1529 646 1600 in
674 1531 791 1626 quibus
820 1529 927 1601 verbis
950 1529 1119 1602 offensura

56 1745 110 1806 lais
131 1741 242 1827 soleae]
267 1745 314 1804 bis
332 1746 410 1805 eolee
428 1744 506 1806 Edit.
526 1744 618 1828 princ.
637 1757 696 1806 ret.
715 1746 859 1807 Rholand.
878 1781 919 1793 -
939 1747 1003 1806 beni
1020 1749 1119 1807 soleae

105 1825 193 1910 Vulg.
213 1858 253 1904 ‚-
273 1826 320 1884 bair
338 1827 413 1884 solet
433 1826 526 1886 Haeo.
546 1859 587 1871 —
606 1828 690 1886 Fort.
711 1827 759 1887 bic
779 1825 824 1886 vel
845 1829 871 1886 is
889 1829 998 1887 soleae.
1031 1849 1035 1854 ·
1097 1885 1100 1891 .

57 1905 135 1966 baec
156 1901 309 1986 murenae]
330 1901 396 1964 llld.
416 1903 501 1966 Basil.
520 1904 585 1965 Par.
606 1904 722 1988 Gryph.
735 1937 775 1952 --
795 1907 853 1966 hae
872 1929 1011 1964 murenae
1030 1903 1118 1988 Vulg.

104 2018 146 2033 -··
166 1985 239 2044 haec
257 2007 380 2044 nerenae
399 1983 479 2043 Flor.
498 1986 592 2046 llavn.
613 1986 690 2045 Edit.
711 1987 801 2067 princ.
823 1997 879 2046 vet.
902 1983 992 2044 Rhol.
1012 1985 1118 2045 Venet.

105 2065 129 2124 l.
150 2063 186 2122 ll.
206 2097 246 2112 -
279 2063 342 2124 deis
360 2087 497 2124 morenae
515 2065 669 2148 Augustin.
688 2057 718 2124 in
738 2065 871 2136 Emend.;
891 2063 1038 2132 audebis
1056 2087 1119 2123 mu·

103 2165 192 2202 renae
211 2141 309 2202 Verte.
328 2141 445 2280 Sciopg.

60 2219 230 2304 mustellae]
250 2223 369 2282 mustele
388 2223 412 2280 E
434 2222 464 2281 ie.
484 2222 576 2304 princ.

62 2303 107 2364 sic
126 2297 204 2394 aliis]
224 2303 266 2362 sic
285 2303 348 2361 alii
363 2302 517 2398 Angustia.
536 2303 565 2362 in
586 2301 734 2364 Emendat.
755 2301 855 2364 Vertr.
876 2299 1018 2398 S⁰l⁰PP·,

61 2379 223 2460 muraenis]
243 2404 416 2453 muraeneas,
435 2382 505 2442 item
518 2383 638 2444 usellen
658 2383 746 2468 vulg.
759 2411 799 2429 -·-
818 2397 983 2464 separatam
1003 2405 1035 2441 en
1054 2403 1116 2439 mu-

104 2463 203 2520 ramis
222 2480 278 2519 om.
298 2459 391 2522 ΗΜ.

61 2537 143 2622 aliis]
163 2540 224 2599 alis
241 2539 334 2600 Havn.

63 2641 132 2682 curn
151 2619 181 2678 iu
201 2617 451 2699 declinationibus]
484 2618 565 2679 Flor.
585 2621 678 2680 llavn.
698 2654 738 2666 -
770 2643 835 2682 eum
854 2621 885 2680 in
905 2619 1118 2680 elimationibus

105 2695 195 2759 Rhol.
214 2730 255 2744 -
278 2721 341 2758 cum
360 2700 391 2758 in
410 2700 652 2760 inclinationibus
670 2699 759 2784 Vulg·
780 2701 914 2761 Verum.
935 2699 1056 2779 Seiopp.
1076 2729 1116 2744 -

107 2801 170 2838 eum
188 2778 426 2838 inclinationibus
445 2778 557 2860 reliqui.

64 2855 178 2936 verbis]
198 2859 305 2951 ferbente
323 2856 410 2941 Vulg.
428 2889 469 2904 -·
490 2860 579 2919 verbis
597 2859 638 2917 sit
657 2859 750 2951 liavn.

66 2931 927 3110 ddddteeddildrlellulgloleidieSncilifipfic-n-lpddnserendnm
946 3026 1062 3076 veteres
1082 3013 1117 3073 li·
1162 3103 1165 3110 .

67 3095 315 3254 al‘tltttn.

66 3258 194 3348 itemque
213 3251 294 3336 cum]
321 3253 407 3336 Vulg.
429 3255 563 3314 Vertran.
583 3255 700 3336 Sciopp.
719 3287 759 3302 -
779 3257 850 3314 item
870 3276 925 3330 qne
943 3273 1018 3314 aura
1038 3252 1115 3313 Edit.

127 3355 197 3393 rinc.
216 3344 319 3394 vetust.
333 3365 372 3378 -
392 3335 462 3396 item
482 3358 557 3410 artae
576 3357 639 3394 cnm
658 3337 681 3394 F
684 3334 737 3396 lor.
757 3333 835 3395 Edit
855 3333 943 3394 Rhol.
968 3333 1072 3394 Venet.
1094 3334 1116 3392 l.

106 3357 143 3473 ll.
162 3411 227 3471 Ald.
249 3411 312 3472 Bas.
331 3411 419 3472 Paris.
440 3413 552 3494 Gryph.

68 3489 177 3573 verbis]
200 3493 306 3552 verbenis
325 3490 412 3574 Vulg.
432 3492 470 3552 ita
491 3503 520 3552 et
539 3512 632 3571 supra.

69 3571 138 3634 illud
158 3568 383 3651 quodammodo]
404 3570 491 3652 Vulg.
510 3571 608 3631 Verte.
629 3571 696 3630 Scio
718 3592 795 3652 p.-
815 3571 976 3648 illudque
997 3573 1115 3649 qnando

108 3651 236 3712 Florent.
257 3650 311 3710 Ed.
331 3651 422 3730 princ.
441 3661 500 3710 vet.
520 3650 664 3710 Rholand.
714 3672 758 3711 en.
778 3652 801 3710 Ι.
823 3653 859 3712 ll.
879 3683 919 3695 -
937 3652 1026 3710 'illud
1043 3654 1116 3727 quia

110 3735 225 3810 qnando
245 3729 312 3789 Ald.
332 3731 397 3790 Bas.
417 3729 482 3788 Par.
502 3729 617 3812 Gryph.
636 3763 676 3775 -
696 3733 779 3789 illnel
796 3755 909 3809 quoquo
930 3733 971 3808 qn
991 3731 1082 3790 Havn.

69 3811 149 3874 analo
172 3806 232 3891 'an]
252 3809 333 3868 Flos.
352 3843 392 3855 -
411 3811 587 3890 analogiam
605 3809 717 3890 reliqui.

70 3831 195 3972 singultis
214 3885 327 4028 anterii]
358 3889 490 3970 se'ngnlos
509 3889 669 4028 tnmIEloi.
692 3889 768 4029 Esdit„
780 3887 958 4027 lirrisiodvat.
979 3921 1019 3982 7
1038 3888 1115 4026 hilm

108 3971 406 4132 ltb‘t‘tsftl
423 3989 540 4130 tlt?
554 3971 888 4129 exiiiiliuilaiial.
901 3979 986 4108 {tlt
1004 3989 1065 4122 li,
1081 3989 1114 4106 l.
