2640 4670
269 319 330 386 196
614 317 758 380 LtttEtt
783 315 979 380 SEXTUS.

270 516 395 568 mense.
444 493 580 590 Equiria
601 493 644 564 ab
667 520 827 590 equorum
850 495 967 588 cursu'3
1005 521 1046 566 eo
1069 495 1123 566 die
1147 494 1231 566 enim
1249 519 1297 562 rru-

270 616 348 671 runt
368 599 403 668 in
425 599 548 672 ll'lartio
572 625 701 695 campo.
732 597 898 668 Liberalia
921 601 1008 671 dicta
1031 601 1120 696 qnod
1143 625 1204 695 per
1223 614 1300 668 torm

273 704 431 801 oppidum
455 729 495 774 eo
520 703 571 774 die
595 729 630 773 se
655 703 734 772 dent
756 704 945 776 sacerdotes
957 704 1078 788 Liberi,
1100 729 1184 772 anus
1207 704 1299 772 hedera

273 824 468 891 coronatae,
507 833 582 877 cum
609 806 683 876 libis
708 823 739 877 et
760 806 869 879 loculo
892 835 953 905 pro
978 825 1123 906 emptore
1147 809 1300 878 sacrificau-

272 931 335 984 tes.
356 914 395 982 ln
417 911 507 982 libris
531 909 695 982 Saliorum
719 938 858 1009 quorum
882 939 1068 1008 cognomen
1090 911 1301 1006 Agonension

252 1019 410 1089 ⁴forsitan
432 1017 485 1086 hic
507 1015 577 1086 dies
600 1017 676 1087 ideo
700 1016 883 1113 appelletur
904 1019 1013 1114 potins
1036 1018 1182 1112 Agonia.
1220 1015 1301 1104 Quin·

273 1140 428 1221 quatrns3
463 1121 517 1190 bic
543 1119 612 1191 dies
641 1149 727 1192 unus
756 1123 798 1192 alr
827 1122 970 1193 nominis
994 1149 1103 1192 errore
1127 1123 1302 1202 observatur,

200 1243 262 1319 (tt)
272 1227 412 1327 proinde
434 1243 471 1296 ut
492 1226 559 1296 sint
581 1226 723 1324 quinque
747 1225 862 1297 dictus.
896 1225 943 1296 Ut
965 1227 1006 1296 ab
1030 1225 1228 1298 Tusculanis
1246 1237 1301 1322 post

274 1451 400 1546 equiria]
434 1453 561 1593 attegia
571 1451 703 1513 Floreat.
722 1485 764 1500 -
795 1453 877 1516 alim
896 1453 963 1514 Vct.
980 1450 1056 1514 Cod.
1075 1451 1190 1516 licronis
1209 1451 1301 1532 sciopp

313 1553 440 1616 margo
474 1555 483 1590 r
562 1552 625 1591 svn.

274 1649 311 1691 eo
331 1627 377 1688 die
397 1625 488 1705 enim]
510 1626 640 1686 Florent.
659 1659 700 1672 -
719 1625 764 1686 Eo
784 1629 861 1688 enim
881 1629 930 1686 dr'e
949 1627 1047 1688 ceteri.

275 1705 412 1788 currunt]
434 1705 566 1768 Floreat.
586 1705 664 1766 Edit
683 1705 776 1786 prior·
795 1719 853 1768 ret.
873 1705 961 1767 Rhol.
981 1707 1057 1767 Ven.
1077 1707 1099 1766 l.
1120 1707 1158 1767 Π.
1179 1704 1241 1767 lttt
1256 1704 1304 1762 llas

313 1785 581 1950 gervfigypgerz
602 1788 832 1944 didsspfwm
852 1787 945 1848 llarn.
964 1819 1005 1832 -
1024 1801 1145 1848 currunt
1165 1783 1303 1866 equr'ssod

273 1963 378 2023 martio
398 1983 458 2022 earn
481 1957 515 2039 o]
537 1959 667 2021 Florent.
687 1961 780 2020 Harn.
799 1991 840 2006 -
859 1983 961 2036 canapo
981 1964 1089 2022 retortio
1109 1940 1209 2022 ceteri.

274 2063 305 2103 ee
329 2039 416 2123 dent]
451 1983 607 2100 lictorius.
633 2072 674 2085 -
705 2041 807 2098 sedent
834 2037 901 2100 libri
927 2059 1026 2102 omnes
1045 2063 1111 2102 cunr
1131 2038 1263 2102 Turnebo
1279 2033 1305 2094 rd

314 2120 407 2182 Cicer.
429 2119 464 2180 de
484 2121 574 2203 Legg.
595 2120 639 2194 ll,
659 2119 713 2194 22,
732 2119 802 2179 673.

273 2215 359 2278 liberi
377 2213 464 2298 anus]
485 2215 616 2276 Florent.
637 2213 725 2274 erol.
746 2213 822 2273 Ven.
842 2215 864 2273 l.
886 2216 923 2275 ll.
942 2211 1010 2276 Ald.
1035 2215 1099 2276 Bas.
1125 2215 1191 2276 Par.
1211 2211 1306 2294 Grpplr.

312 2329 355 2342 -
372 2295 432 2356 llic
452 2299 531 2356 deest
552 2315 616 2354 curu
636 2293 771 2355 asterisco
793 2291 867 2353 Cod.
888 2293 922 2354 B.
942 2327 983 2340 -
1011 2296 1101 2356 lr'berr'
1118 2319 1214 2356 annos
1231 2295 1308 2354 llrru.

312 2407 354 2422 -·
377 2375 469 2436 lr'berr'
490 2374 567 2434 Edit.
588 2373 680 2455 princ.
700 2371 816 2456 Vulgat.
835 2374 935 2434 Verlr.
956 2374 1073 2458 Sciopp.
1091 2407 1133 2420 -
1165 2376 1252 2436 tiberi
1265 2395 1309 2430 an-

313 2477 373 2514 nua
393 2453 471 2515 Edit.
492 2466 596 2516 vetust.

272 2545 396 2631 hedera]
417 2552 506 2610 edera
526 2551 619 2610 Horu.
640 2546 708 2609 Atd.
729 2547 793 2608 Bas.
813 2547 877 2608 Par.
900 2546 929 2609 G
984 2545 1014 2609 h.

273 2627 443 2707 coronatae]
464 2645 625 2689 coronatae
644 2653 719 2688 anus
739 2626 826 2712 Vulg.
847 2627 947 2690 Vertr.
992 2629 1085 2712 riopp.

272 2706 352 2788 libis]
372 2710 458 2770 libert
477 2708 594 2792 Vulgat.

272 2808 329 2870 pro
349 2783 499 2870 emptore]
532 2801 709 2864 compotores
729 2789 828 2848 Vertr.
847 2811 961 2866 —pro
981 2803 1109 2865 tempore
1128 2786 1264 2874 Scaliger.
1281 2811 1309 2830 ·-

308 2867 361 2944 pr‘o
382 2883 448 2928 tore
467 2867 585 2949 Sciopp.

272 2960 410 3043 forsitan]
432 2963 522 3023 Puto:
533 2965 673 3042 sortasse
691 2985 762 3082 ort.b

271 3091 449 3178 appelletur]
467 3093 615 3190 'Florent
634 3127 675 3142 -
700 3069 803 3174 potius
822 3053 998 3174 oppdllatur
1016 3098 1109 3158 llarn.
1127 3128 1171 3143 -
1190 3089 1309 3176 appello

272 3188 571 3366 Agiditaflizintpm
589 3270 724 3331 Vertran.

272 3347 470 3522 dduddniidid]
484 3349 806 3490 {elzapphggrnhodu
826 3428 861 3488 B.
881 3461 922 3476 —
940 3453 961 3490 a
983 3431 1108 3492 nomt'm's
1126 3432 1232 3494 ceteri.

272 3519 308 3568 ut
332 3507 390 3568 sint
414 3505 556 3586 quinque]
591 3524 716 3586 quartus
738 3509 798 3568 sive
822 3511 942 3587 prrintus
962 3508 1062 3570 Codex
1082 3511 1115 3572 B.
1136 3545 1179 3557 —
1216 3511 1308 3576 utria

312 3601 439 3666 quartur
455 3588 514 3646 sive
533 3589 653 3665 quintus
672 3587 827 3670 Augustin.
848 3587 878 3646 in
898 3590 1037 3672 margine.
1055 3623 1096 3636 —
1119 3605 1154 3650 ut
1173 3593 1218 3650 sit
1241 3597 1308 3668 quar}

312 3680 359 3726 tus
382 3667 441 3725 εἰσι
466 3667 586 3743 quintos
611 3667 746 3728 Vertrau.
772 3665 940 3730 Ciaceonius
959 3669 995 3729 ad
1016 3668 1096 3730 Caes.
1116 3669 1153 3730 de
1172 3659 1308 3754 bellgal

271 3745 528 3916 ordil'uii'rror.
548 3825 641 3885 nam.
661 3823 750 3885 ntor.
770 3825 843 3884 ven.
858 3827 879 3885 r.
893 3827 930 3885 rr.
951 3825 1019 3887 nto.
1039 3827 1103 3888 no.
1122 3827 1189 3889 rar.
1215 3823 1308 3923 ort-p]

311 3903 409 3965 Vertr.
431 3902 548 4042 Scropp.
568 3935 609 3950 -·
642 3907 737 3964 dictos
756 3902 830 3964 cod.
850 3904 884 3964 B.
904 3905 980 3964 Edit.
1002 3907 1093 3987 princ.
1113 3920 1224 3970 vetusr.
1247 3909 1307 3984 l'ol

270 3977 459 4121 Todoulapis]
519 3985 685 4044 torculareis
705 3982 793 4067 Vulg.
812 4017 853 4030 —
875 3985 1070 4048 Thusculam's
1088 3987 1156 4048 Ald.
1174 3987 1250 4052 Bas.
1270 3990 1307 4048 Pa

342 4083 394 4142 ¹'ll’
418 4105 425 4120 ·
