2734 4678
275 291 335 356 uu
538 251 540 256 ’
618 287 981 354 muuusuxrus.

273 493 364 553 ram,
389 467 432 540 ub
454 467 597 542 Larium
618 468 742 553 Lares,
765 493 849 566 quae
873 469 988 542 obrue
1009 484 1188 554 vetueute,
1211 483 1251 540 ut
1274 495 1328 566 pu

273 590 344 646 tero
367 599 481 646 eruere
504 573 660 647 conabor.

361 687 393 752 9.
429 676 588 750 Dicemus
611 679 717 777 primu
742 677 783 748 de
806 679 1017 776 temporibus,
1039 703 1139 777 quam
1162 704 1252 777 quae
1275 707 1330 776 per

272 807 312 856 ea
339 783 438 870 fiunt,
475 784 536 855 sed
562 786 607 856 ita
635 800 773 854 utente
803 781 844 854 de
868 801 983 856 natura
1005 809 1136 870 eorum3
1174 810 1219 856 eu
1242 786 1330 858 euim

272 889 336 959 dux
358 889 420 958 suit
441 887 485 957 ad
507 887 667 959 vocabula
688 887 889 983 imponenda
910 886 1043 959 homini.
1076 889 1231 986 Tempus
1256 918 1329 962 erse

271 994 385 1064 dicunt
406 994 610 1065 intervallum
631 993 747 1063 muudi
769 1009 801 1063 et
822 1010 954 1064 motus.
976 993 1010 1064 id
1032 990 1173 1064 divisum
1194 995 1232 1066 iu
1255 1022 1328 1094 par·

195 1131 197 1144 =
270 1099 331 1170 teis
354 1098 480 1195 aliquot
501 1125 649 1170 maxume
673 1099 715 1168 uh
738 1096 817 1168 solis
841 1113 874 1168 et
895 1097 992 1170 lunae
1015 1124 1133 1170 cursu.
1156 1102 1271 1199 itaque
1289 1103 1327 1174 ab

271 1229 385 1274 eorum
408 1220 520 1274 tenore
543 1219 724 1300 temperato
742 1203 891 1298 Tempus
915 1201 1047 1289 dictum,
1068 1205 1157 1276 uude
1179 1205 1326 1304 Tempe·

269 1308 367 1392 stium
407 1325 440 1380 et
467 1333 487 1378 a
516 1325 642 1380 motore
672 1335 800 1392 eorum,
838 1305 893 1403 qui
922 1323 992 1380 toto
1014 1309 1105 1381 caelo
1129 1311 1325 1382 coniunctus

270 1412 431 1498 Mundus,
453 1411 528 1484 Deo
544 1431 653 1485 motus
677 1437 757 1485 casu
779 1411 875 1497 venit,
899 1438 964 1510 quo
988 1429 1116 1512 tempus
1138 1415 1173 1487 id
1196 1417 1240 1488 ab
1263 1417 1324 1488 hoc

268 1517 345 1592 Deo
374 1517 456 1589 Dies
486 1517 677 1615 appellatur.
735 1517 894 1590 Meridies
924 1519 966 1590 ab
995 1545 1035 1591 eo
1070 1519 1160 1618 quod
1194 1522 1321 1595 medius

693 1795 803 1878 Cep.
863 1797 898 1874 ΙΙ.

268 1947 353 2009 quum
373 1921 464 2009 quae]
484 1923 565 1985 Flor.
585 1922 663 1984 Edit.
682 1922 775 2005 princ.
795 1934 900 1986 vetust
919 1923 1006 1984 Rhol.
1027 1925 1132 1987 venet
1151 1929 1174 1988 1.
1198 1927 1235 1988 Π.
1255 1925 1320 1988 Ald.

307 2007 369 2068 Bas.
397 2006 461 2067 Par.
482 2003 511 2065 G
549 2002 597 2085 ph.
616 2035 657 2049 -
676 2019 705 2064 et
725 2025 801 2081 quae
820 2002 893 2065 cod.
913 2004 948 2065 B.
968 2003 1055 2089 Vulg.
1077 2005 1177 2069 Vertr.
1202 2006 1320 2090 Sciopp.

306 2117 347 2132 -
367 2109 498 2164 quaeque
546 2083 680 2145 urnebus.
699 2115 739 2130 —
759 2105 902 2162 quumque
920 2085 1013 2148 Havu.

266 2178 357 2260 fiunt]
370 2185 453 2260 fiant
473 2181 568 2241 Ham.

265 2259 337 2341 suit]
349 2264 393 2340 fit
413 2261 505 2322 Havu.

265 2337 464 2420 intervallum]
486 2339 630 2400 invallum
648 2337 742 2399 Havu.

264 2419 364 2480 muudi
385 2431 415 2480 et
434 2413 552 2558 motura
568 2418 674 2477 mundi
689 2432 784 2477 motus
803 2416 973 2494 Turnebus,
994 2419 1099 2560 scalig.
1121 2419 1209 2503 Sciep

264 2497 386 2582 parteis]
421 2497 501 2558 Flor.
553 2494 709 2558 aquod.
730 2495 1039 2560 B.A1d.ssas.1>aris.
1095 2523 1109 2559 r
1149 2499 1177 2559 h.
1200 2441 1315 2584 iulgat.

303 2577 405 2718 Xelrltr.
427 2578 546 2661 Sciopp.
570 2609 611 2625 -
640 2580 741 2653 partis
765 2577 842 2638 Edit.
863 2577 955 2660 princ.
975 2591 1081 2640 vetust.
1153 2577 1193 2640 ol.
1212 2580 1314 2642 Vener.

262 2751 410 2832 maxume]
431 2749 523 2813 Havu.
544 2786 585 2799 -
604 2753 734 2814 maxime
752 2751 851 2814 ceteri.

262 2832 298 2896 ab
320 2853 421 2894 eorum
457 2855 556 2892 eorum
574 2833 668 2894 Havu.

262 2924 424 2995 temperato
461 2913 746 2988 temperationum.

176 3009 187 3024 ·
262 2991 431 3075 tempestiva
469 3006 626 3068 tempestas
646 2989 764 3073 Sciop.

263 3083 295 3134 et
314 3093 330 3132 a
349 3084 432 3132 motu
451 3068 572 3155 eorum]
598 3073 690 3132 ΗΜ.
712 3014 778 3131 Aid.
799 3071 860 3132 Bas.
883 3069 948 3132 Par.
970 3069 1016 3132 Gr
1057 3069 1084 3134 h.
1105 3072 1195 3158 Vulg.
1215 3073 1310 3134 Vertr.

302 3151 370 3212 Scio
392 3173 421 3232 p.
442 3182 483 3196 -
513 3166 540 3211 et
563 3175 582 3210 a
603 3165 715 3212 metere
733 3173 831 3211 eorum
851 3149 926 3213 cod.
945 3152 980 3210 B.
1045 3153 1079 3212 it.
1099 3153 1191 3234 princ.
1210 3165 1310 3214 vetust.

301 3173 391 3292 Rhoi
411 3230 517 3292 Venet.
538 3231 559 3289 l.
582 3232 617 3290 ll.
637 3261 678 3275 -
702 3244 731 3289 et
748 3253 770 3290 a
788 3245 883 3292 motor
900 3253 998 3292 eorum
1017 3231 1149 3294 Floreat.
1168 3265 1209 3278 -
1228 3247 1310 3294 aetas

303 3353 312 3370 .
331 3325 426 3371 motor
444 3333 545 3370 eorum
565 3308 702 3392 Scaliger.
727 3339 767 3354 —
799 3333 873 3370 uuus
891 3325 987 3370 motus
1004 3312 1078 3373 solis
1097 3326 1152 3382 est,
1175 3333 1230 3388 quo
1249 3326 1309 3372 tole

302 3391 472 3450 coniunctus
498 3391 606 3448 mundo
632 3391 671 3448 ab
697 3401 764 3448 ortu
790 3389 822 3448 iu
848 3413 979 3450 occasum
1000 3393 1082 3451 venit.
1139 3391 1261 3464 Tempus
1278 3392 1313 3450 id

302 3467 421 3550 Sciopp.
441 3483 570 3528 -eta
589 3481 718 3527 motare.
731 3507 758 3526 ..
779 3467 841 3530 Deo
862 3483 942 3528 ortus
961 3492 1078 3530 occasus
1098 3472 1174 3532 veuit
1194 3471 1309 3551 Popmu.

260 3561 317 3626 deo
338 3561 449 3642 motus]
482 3567 539 3624 duo
559 3577 654 3622 neotus
673 3560 802 3623 Florent.
824 3562 917 3624 Havu.
937 3596 979 3611 -
999 3567 1050 3626 die
1070 3579 1166 3626 motus
1185 3566 1258 3628 coe
1276 3567 1308 3626 R

300 3641 454 3726 Augustiu.
476 3642 615 3726 margine.
634 3673 675 3687 -
699 3665 720 3700 a
740 3655 802 3702 tote
822 3645 905 3704 caele
925 3644 1011 3735 paulo
1031 3658 1098 3706 ante
1118 3645 1253 3708 Vermu.

260 3745 320 3806 quo
341 3720 470 3804 tempus]
501 3721 632 3781 Floreat.
653 3721 745 3780 Huvu.
766 3720 839 3783 cod.
859 3723 893 3781 B.
913 3723 967 3783 ud.
987 3725 1080 3806 princ.
1099 3736 1204 3800 retusi.
1224 3723 1309 3784 Rhel.

299 3803 405 3938 veneis
426 3804 448 3862 1.
470 3802 506 3862 ll.
525 3801 591 3862 Ald.
612 3801 677 3861 Bas.
697 3801 762 3861 Par.
783 3801 897 3883 Gryph.
918 3835 959 3850 -
991 3826 1012 3865 a
1033 3827 1088 3882 que
1109 3819 1221 3882 mupus
1239 3804 1308 3866 Vul-

319 3894 356 3942 αἱ.
407 3893 513 3942 ertreu.

259 3903 320 4034 boi
337 3958 408 4040 deo]
430 3962 484 4022 hoc
504 3963 555 4022 die
576 3959 651 4021 Cod.
671 3959 706 4020 B.
726 3959 905 4046 Augustinus
923 3961 1062 4046 mergite.

260 4039 296 4103 ab
316 4060 353 4102 eo
374 4039 467 4122 quod]
489 4043 527 4104 ab
547 4043 629 4120 quud
645 4040 739 4104 Hem.
