2578 4678
260 297 320 360 474
617 295 761 362 Lllillll
785 297 957 364 NONUS.

171 480 249 551 (ltu)
262 495 324 541 nec
351 471 536 545 cuiusmodi
564 473 599 544 in
628 475 802 572 praeterito
832 493 979 574 tempore
1007 475 1157 547 hetone
1173 501 1245 570 geren

260 576 417 662 reddidit,
448 578 565 650 similia
586 581 620 650 iu
642 581 806 677 praesenti
826 579 966 652 reddat?
1003 597 1036 653 et
1057 582 1244 650 cuiusmodiri

262 681 327 753 tico
350 682 437 754 iacto
460 685 602 755 reddidit
622 703 770 780 segetes,
809 686 857 754 sie
880 685 981 757 ordeo
1006 703 1078 756 soto
1099 687 1244 781 proportione

260 787 404 859 reddidit
424 789 559 884 purilio?
604 787 681 861 Non
703 807 741 860 ut
761 789 896 886 Europa
917 790 1017 862 hahet
1038 790 1169 874 flumina,
1186 789 1243 884 latu¹

261 893 400 978 montis,
424 919 572 990 compos,
595 895 642 966 sic
665 894 764 964 hehet
786 895 889 966 Asia?

351 1007 405 1072 21.
463 997 540 1070 Non
569 1001 603 1069 in
625 999 810 1070 volucribus
834 998 1013 1094 generatim
1035 1015 1164 1071 servatur
1178 997 1241 1068 ud·

261 1103 338 1198 gia?
361 1129 430 1174 uon
454 1129 492 1174 ex
514 1103 631 1199 aquilis
653 1105 782 1202 aquilae
806 1119 904 1200 etque
926 1121 963 1174 ut
985 1132 1025 1175 ex
1046 1105 1139 1176 turdis
1155 1103 1241 1200 quipe

262 1223 429 1294 creantur,
452 1209 552 1294 turdi,
575 1211 622 1280 sic
648 1237 686 1280 ex
707 1207 841 1306 reliquie
864 1207 916 1278 sui
938 1209 1093 1306 cuiusque
1113 1209 1218 1304 generisi

349 1321 403 1386 22.
464 1311 519 1384 Au
550 1313 642 1384 aliter
663 1314 728 1386 hoc
751 1315 802 1400 lit,
843 1339 941 1411 quum
962 1315 997 1384 in
1021 1339 1109 1398 uere,
1141 1311 1241 1407 iniqu?

260 1441 329 1488 uon
360 1417 412 1488 hie
442 1417 586 1489 conchae
616 1417 701 1488 inter
729 1443 765 1490 se
793 1419 972 1514 generatim
1001 1417 1196 1490 innumerulii
1211 1439 1242 1482 u·

260 1701 315 1742 nec
334 1676 508 1760 cuiusmodss
542 1693 575 1740 ut
596 1681 760 1742 cuiusmodi
777 1680 896 1764 Sciopp.
915 1711 957 1728 -
976 1703 1012 1742 ne
1031 1680 1176 1742 cuiumodi
1187 1671 1243 1736 toto

299 1761 335 1820 B.
354 1795 394 1808 -
415 1779 488 1841 quae
507 1771 668 1839 sequuntur
686 1781 777 1840 usque
797 1759 832 1820 ed
852 1761 953 1820 tritico
973 1779 1033 1822 om.
1052 1760 1139 1822 lietu.
1180 1811 1184 1816 .

259 1840 403 1923 praerepti
422 1835 537 1918 reddat]
556 1841 712 1916 praesenti
729 1841 830 1900 reddit
851 1837 950 1901 Verte.

259 1932 291 1982 et
310 1916 488 2003 cuiusmodi]
508 1933 536 1980 et
555 1920 700 1981 eiusmodi
717 1917 795 1980 Edit.
814 1920 907 2002 princ.
926 1918 1003 1982 unde
1023 1931 1053 1981 ei
1073 1917 1193 1980 cuiusmodi
1204 1909 1246 1973 tit

288 2011 402 2068 ,vetuti

259 2077 531 2176 tritico]·Florent.
551 2077 644 2140 liaeo.
663 2109 703 2124 -
723 2099 744 2139 a
765 2079 866 2140 tritico
887 2075 1001 2160 reliqui.

255 2155 665 2318 iieildtllilicl’lirieiitivlleru.
684 2235 847 2298 -reddit
865 2235 979 2318 reliqui

170 2385 175 2396 ,
259 2328 370 2400 tegetes
392 2361 399 2376 .
421 2360 428 2376 .
448 2315 588 2410 reddidit]
609 2336 667 2376 om.
686 2316 780 2376 lirun.

258 2398 452 2480 proportione
471 2391 613 2538 reddidtts]
631 2398 824 2472 proportione
843 2397 945 2458 reddit
964 2393 1055 2481 Vulg.
1073 2397 1249 2468 Vetto-tr*

294 2479 432 2552 portione
452 2477 562 2536 reddat
607 2475 651 2536 cio
675 2493 703 2556 p.
935 2521 939 2532 .

257 2554 374 2640 parilis]
391 2555 520 2633 porileis
539 2555 627 2640 Vulg.
677 2566 783 2616 ertren.
805 2553 872 2616 Scio
915 2599 923 2614 .
1041 2609 1045 2620 ,

257 2655 319 2696 non
339 2649 372 2697 ut
393 2632 525 2718 Europe]
556 2635 638 2696 Flor.
658 2630 751 2696 Horu.
771 2633 859 2716 Rhol.
874 2577 955 2696 lien.
975 2634 997 2694 l.
1018 2635 1056 2696 ll.
1076 2633 1139 2696 Ald
1156 2633 1205 2692 liae
1216 2625 1251 2686 Pu.

298 2715 415 2800 Gryph.
435 2747 475 2760 —
508 2739 577 2776 rrum
596 2730 629 2775 ut
649 2714 772 2790 Europa
792 2713 865 2775 Cod.
886 2713 920 2776 B.
941 2713 1019 2776 Edit.
1038 2713 1128 2798 priuc-
1143 2719 1253 2774 vetust-

297 2819 392 2857 nonne
410 2809 442 2854 ut
463 2793 586 2872 Europa
606 2791 694 2877 Vulg.
714 2794 815 2855 Vertr.
837 2791 956 2877 Sciopp.

121 2849 123 2854 Ι
257 2873 383 2958 montis]
415 2871 547 2936 Floreat.
568 2871 757 2970 Hevu3Cod.
778 2871 813 2934 B.
831 2905 869 2920 ·-
897 2875 1021 2935 oronteie
1040 2873 1151 2959 Vulgot.
1167 2871 1253 2930 Vetto

298 2956 417 3038 Seiopp.
436 2987 477 3001 -
496 2967 607 3015 montes
627 2952 740 3036 reliqui.

668 3107 694 3172 C
715 3131 731 3172 e
750 3132 780 3193 p.
821 3109 903 3172 xxt.

124 3275 135 3288 -
256 3261 318 3302 uon
337 3239 368 3300 in
387 3233 572 3377 volueribusq
601 3205 681 3298 dior.
702 3238 796 3300 Hero.
815 3235 905 3322 Volg.
924 3236 1024 3299 Vertr.
1045 3236 1156 3321 Seiopp.
1168 3263 1202 3280 ·-
1215 3245 1256 3286 Ψ

296 3322 329 3382 in
350 3319 511 3380 volucribus
529 3338 561 3379 re
574 3315 642 3398 iqui.

256 3420 318 3461 non
338 3421 374 3461 ex
394 3395 519 3536 aquilia
533 3413 566 3458 ut
584 3419 623 3460 ex
642 3398 755 3474 aquilii
773 3393 841 3456 Atd.
860 3395 926 3458 Bes.
944 3395 1010 3457 Per.
1030 3395 1139 3480 Gryplt.
1156 3425 1190 3440 ·-
1203 3381 1257 3462 api

296 3481 353 3540 leit
372 3521 382 3539 .
403 3521 411 3538 .
431 3491 482 3536 tur
520 3479 546 3536 is
566 3520 574 3536 .
596 3519 604 3536 .
623 3477 764 3555 reliquie
781 3474 871 3560 Vulg.

256 3570 291 3620 ut
311 3579 346 3620 ex
366 3556 458 3618 turdis
496 3557 589 3617 Hero.
608 3588 649 3603 -
668 3579 708 3616 ex
726 3556 823 3616 turdis
842 3555 941 3618 ceteri.

220 3701 222 3706 ,
256 3635 458 3798 euiecquunqque
495 3634 596 3697 Codex
616 3634 650 3696 li
670 3633 757 3720 Vulg.
776 3635 877 3697 Vertr.
898 3634 1017 3720 Sciopp.
1036 3669 1076 3684 ·-
1093 3635 1148 3696 sut's
1165 3629 1259 3698 curbi&

659 3845 685 3911 C
704 3869 721 3912 a
740 3869 769 3932 p.
813 3847 908 3908 xxu.

256 3990 341 4120 quam
363 3977 401 4118 iq
412 3996 492 4054 tere,
511 3975 542 4037 iu
561 3969 652 4058 aqua]
672 3977 705 4038 in
724 3999 793 4039 uere
813 3999 902 4055 quum
921 3979 953 4040 t'rt
973 3999 1055 4057 apuu
1074 3975 1134 4039 Ald.
1152 3973 1208 4034 Bw
1223 3963 1263 4023 Ρῐ·

328 4081 382 4142 ryp
403 4103 412 4118 .
