2628 4672
344 275 497 366 ,cicun
522 273 720 344 sexuus.
1004 271 1066 336 oco

21 455 176 542 tenebraer
199 453 243 530 ab
264 453 338 526 luce
361 451 544 528 Noctiluca.
565 451 698 524 Lucere
717 452 797 524 item
810 451 853 524 ab
867 449 950 532 luce,
974 449 1066 546 quod

20 579 142 659 propter
162 561 270 632 lucem
292 560 448 630 amissam
469 558 498 626 is
522 557 627 628 cultus
650 557 827 632 institutus.
880 555 1064 652 Adquirere

21 684 61 736 est
87 667 128 736 ab
159 666 204 736 ad
234 681 267 736 et
296 691 469 762 quaerereq
507 663 615 760 ipsum
646 662 816 754 Quaerere
843 663 885 734 ab
909 689 949 733 eo
973 660 1065 758 quod

22 797 93 866 quae
128 797 182 840 res
217 787 253 840 ut
284 770 495 866 reciperetur,
536 770 631 840 datur
665 793 780 864 opera;
819 793 840 838 a
874 765 1063 864 quaerendo

22 873 189 964 Quaestio;
212 877 254 945 ab
278 875 329 944 his
352 871 593 970 conquaestor.

95 981 205 1052 Video
229 1005 250 1052 a
272 979 360 1068 visu3
385 980 527 1076 quinque
553 979 639 1050 enim
663 1005 820 1050 sensuum
836 977 994 1050 maximus
1014 991 1066 1045 est

20 1084 188 1156 inoculis:
226 1111 303 1156 nam
333 1111 433 1182 quom
462 1110 579 1154 sensus
610 1084 718 1154 nullus
748 1085 838 1180 quod
860 1085 955 1154 abest
975 1081 1062 1152 mille

18 1327 165 1408 noctiluca]
186 1330 334 1390 nutricula
352 1329 445 1390 Havu.

19 1405 104 1470 lucere
123 1405 209 1486 item]
243 1409 375 1471 Florent.
395 1410 490 1470 flavo.
515 1407 660 1470 Rholand.
685 1409 790 1470 Vener.
811 1411 833 1470 1.
853 1411 890 1470 11.
909 1407 976 1470 ΑΜ.
997 1408 1062 1470 Bas.

50 1489 110 1548 Par.
131 1485 247 1569 Gryph.
268 1488 386 1572 Vulgat.
400 1522 440 1534 —
460 1491 541 1548 luere
561 1491 631 1548 item
652 1487 725 1548 cod.
747 1489 781 1548 B.
801 1489 879 1550 Edit.
898 1487 992 1570 princ.
1011 1510 1062 1549 ve-

49 1579 114 1628 tust.
138 1599 180 1614 ·-
214 1569 277 1628 luci
299 1570 370 1627 item
390 1589 425 1628 ex
446 1565 526 1628 libris
546 1567 575 1627 in
597 1568 723 1651 margine
743 1567 939 1654 Augustinus,
961 1568 1059 1628 Vertr.

51 1647 166 1730 Sciopp.
190 1679 232 1694 ·-
264 1649 383 1708 lucarie
408 1650 478 1708 item
506 1647 642 1731 Scaliger.
666 1680 707 1692 —
741 1649 842 1732 lugere
861 1651 932 1710 c'tem
951 1647 1067 1730 Popmu¹

48 1748 122 1786 rere.
639 1775 655 1810 ,

16 1827 45 1887 ab
63 1825 141 1912 luce]
162 1830 257 1890 ΗΜ.
276 1860 318 1874 -
336 1853 357 1888 a
378 1832 442 1891 luce
460 1829 560 1891 ceteri.

13 1910 129 1968 amusan
150 1907 196 2002 is]
225 1907 355 2002 Florent
377 1910 470 1970 Harn.
491 1909 569 1971 Edit.
588 1909 681 1992 princ.
697 1920 755 1970 vet
775 1905 864 1970 Rhol.
884 1909 960 1970 Veu.
980 1911 1002 1970 1.
1024 1911 1061 1970 11.

45 1987 217 2128 qicquzqnl.
237 1987 328 2049 Paris.
349 1987 466 2071 Gryph.
486 1989 604 2072 Sciopp.
624 2022 665 2034 —
688 2010 746 2049 orn.
768 1987 868 2050 Codex
888 1989 923 2048 Β.
944 1989 1062 2086 Yulget.

11 2159 171 2246 acquirere]
191 2162 324 2226 Florent
343 2164 422 2224 Edit.
442 2163 534 2245 princ.
554 2176 613 2225 ret.
632 2197 673 2210 —
693 2167 853 2240 adquirere
871 2163 970 2226 ceteri.

11 2239 41 2300 ab
60 2243 93 2302 ad
114 2255 144 2304 et
165 2241 318 2324 quaerere]
345 2243 476 2304 Floreat.
496 2243 590 2305 Havn.
611 2243 712 2305 Codex
732 2245 766 2304 B.
787 2244 844 2306 vut
884 2256 904 2304 t.
927 2243 1060 2306 Vertrau.

44 2321 214 2404 Sciopp-
233 2325 273 2383 ab
293 2326 339 2384 ad
355 2338 383 2384 et
405 2347 524 2401 querere
543 2323 621 2384 Edit.
663 2325 735 2384 rinc.
754 2337 812 2385 vet.
864 2323 920 2384 hot.
942 2323 1016 2385 Veo.
1036 2325 1059 2386 l.

44 2401 78 2460 ΙΙ.
98 2436 141 2447 -
160 2405 200 2462 ab
219 2405 266 2462 ad
277 2426 419 2480 quaerere
438 2402 505 2463 Md.
526 2402 610 2463 Basit.
656 2404 719 2465 aris.
742 2401 858 2486 Gryph.

5 2491 95 2576 ipsum
110 2496 266 2578 quaerere]
286 2501 380 2575 rjusum
401 2523 520 2576 querere
539 2498 617 2559 Edit.
638 2498 730 2582 princ.
749 2510 855 2562 vetust.
875 2497 964 2560 Rhol.
983 2500 1060 2562 Ven.

40 2575 61 2634 Ι.
83 2575 120 2636 11.
139 2609 181 2622 —
200 2578 291 2638 etsie
310 2599 423 2660 semper
443 2578 496 2640 hae
516 2578 665 2639 editiones.

4 2671 78 2748 quod
124 2693 177 2734 uae
196 2694 242 2734 res
262 2684 297 2732 ut
315 2671 510 2755 reciperetur]
537 2673 668 2736 Floreut.
688 2675 782 2736 Harn.
802 2673 890 2735 Rhol.
910 2674 1015 2736 Venet.
1036 2675 1059 2736 Ι.

38 2752 75 2809 11.
130 2750 169 2811 ld.
189 2752 253 2812 Bas.
274 2751 362 2814 Paris.
381 2785 422 2798 -
456 2756 644 2832 quodquam
663 2778 710 2815 res
729 2767 762 2814 ut
782 2757 961 2829 reciperetur
980 2754 1059 2815 Edit.

35 2831 134 2910 princ.
160 2843 266 2892 vetust.
284 2865 325 2878 -··
358 2835 440 2910 quod
464 2855 539 2912 quae
563 2857 610 2894 res
629 2847 662 2893 ut
680 2847 865 2908 recuperetur
884 2831 999 2926 Gryph.
1017 2865 1059 2880 -

36 2913 125 2984 quod
141 2933 189 2970 ree
208 2925 242 2970 ut
262 2912 477 2988 recr'peraretur
498 2911 571 2974 cod.
593 2914 628 2988 B,
648 2912 717 2973 item
738 2913 806 2973 Scio
829 2935 857 2992 p.
878 2912 930 3000 set]
947 2923 1058 2973 roserto

4 3013 127 3126 ὡᾳέρι.
148 3023 190 3036 -
210 2993 292 3086 quqd
309 3015 385 3068 quae
403 3015 451 3052 rer
470 3006 503 3052 ut
523 3007 747 3128 recuperaretqr
765 2935 881 3074 Vuigat.
901 2991 1038 3052 Vertran.

4 3065 575 3285 mgqrgqurqrqqagqpreffiflssssqq
589 3071 938 3234 lqqusrgxngtqgmm'
956 3150 1057 3210 Vertr.

53 3249 170 3322 cropp-

4 3307 73 3366 ideo
95 3330 114 3368 ι
138 3305 219 3386 vrso]
241 3310 322 3372 rideo
342 3331 363 3372 a
384 3309 414 3370 υἱ
429 3309 563 3370 Pauwius
575 3309 610 3370 ad
624 3306 829 3392 Phrynichum,
847 3307 974 3371 Lobeck.
990 3330 1056 3395 pag.

29 3389 77 3446 il.
100 3421 149 3435 —
171 3387 255 3448 Fort.
277 3391 357 3448 video
378 3411 398 3448 a
419 3391 496 3460 risu,
517 3392 635 3465 quoda
657 3391 692 3450 ri.
925 3413 927 3418 ’

4 3465 82 3527 stin
107 3465 224 3546 oculis]
259 3468 284 3528 F
286 3467 339 3528 lor.
363 3468 436 3529 cod.
455 3468 490 3528 B.
510 3467 627 3551 Vulgat.
649 3467 794 3548 (eculeis).
814 3468 914 3530 Vertr.
935 3467 1003 3530 Scio
1025 3491 1056 3550 p.

25 3577 65 3593 -
87 3562 140 3607 est
165 3549 260 3608 oculis
278 3546 358 3608 Edit.
377 3547 469 3630 princ.
488 3558 546 3608 vet.
566 3581 606 3592 -
632 3563 674 3608 est
696 3551 795 3610 oculus
814 3547 958 3610 Itholend.
1008 3570 1054 3612 cn.

23 3625 101 3688 [ll.
125 3623 201 3686 Md.
222 3625 307 3688 Basil.
327 3627 393 3687 Par.
413 3625 528 3710 Gryph.
547 3661 588 3674 -
607 3629 645 3722 in·
659 3631 752 3690 oculis
771 3629 864 3690 liavu.

4 3703 199 3866 iriildqssgi]
213 3707 307 3862 wll·
319 3719 670 3864 :bsr'iuilniviiim-oexiiii
687 3789 781 3848 ubsr'et
803 3786 922 3928 Scioqp.

4 3865 61 3926 ulte
113 3861 216 3942 assus]
249 3865 274 3926 F
276 3865 331 3928 lor.
350 3865 443 3928 Haru.
463 3863 537 3927 cod.
557 3865 592 3926 B.
613 3865 700 3949 Vulg.
719 3868 854 3928 Vertrau.

19 3949 82 4006 rru'l
95 3969 115 4005 e
132 3967 175 4020 p.
196 3966 240 4005 ae.
260 3945 339 4006 Edit.
381 3944 452 4006 rinc.
471 3978 512 3991 -
540 3947 625 4006 mille
640 3969 721 4022 pass.
742 3947 820 4008 Edit.
840 3957 945 4008 retest.

20 4057 63 4074 -·
84 4023 189 4087 mille
202 4025 339 4101 pascc'buc
358 3967 463 4086 i'cnet.
483 4026 506 4086 l.
527 4025 565 4086 ll.
584 4023 650 4088 Ald.
672 4025 735 4090 Bas.
754 4026 820 4091 Par.
839 4024 954 4109 Gryph.

899 3867 1055 4010 ‘¹⁰¹'i'u5i
