2618 4672
217 227 296 348 m·
536 281 681 346 etuutt
704 279 952 348 SEPTIMUS.

306 459 406 556 Apud
430 471 650 533 rennuerunt
883 493 885 501 v

260 564 453 648 Scortatur,
472 575 586 658 potat,
610 563 677 636 olet
697 573 860 659 unguento
881 565 924 634 de
944 587 1028 636 mco.

219 667 365 740 Scortari
393 685 444 742 est
471 669 614 766 saepius·
631 667 869 740 meretriculam
891 668 1011 741 ducere
1034 693 1120 766 quac
1143 667 1273 738 dietae

217 774 321 874 pellc3
343 773 377 844 id
400 773 577 846 enimuou
599 772 706 846 solum
728 773 850 870 antiqui
869 773 929 872 qui
943 774 1096 846 dicebaut
1110 771 1275 856 Scortum,

218 881 280 954 aed
308 879 404 952 etiarn
434 905 523 950 nunc
551 877 686 950 dicimus
709 895 837 949 scortea
860 904 914 965 ea,
951 904 1036 977 quae
1058 905 1099 952 ex
1120 877 1214 950 corio
1236 899 1275 946 ac

150 1021 208 1098 (79)
219 985 360 1083 pellibus
391 999 468 1058 suut
492 983 597 1069 sactae
631 982 709 1054 iude
736 984 773 1054 in
798 983 924 1082 aliquot
948 983 1049 1056 sauir
1075 1009 1117 1056 ac
1143 979 1273 1055 sacellis

92 1099 95 1106 ’
218 1090 376 1187 scriptum
397 1088 574 1159 habemuse

262 1212 312 1266 NE
340 1207 433 1279 tht
457 1205 664 1280 smmum
684 1205 929 1264 nummula
948 1207 1038 1264 ΠΕΟ
1058 1207 1114 1266 m:
1134 1205 1272 1266 uonn-

219 1309 223 1320 ·
264 1303 501 1383 emortuum
524 1311 646 1368 nusrr.
1155 1333 1158 1338 ·

92 1461 96 1471 .
216 1405 258 1478 ln
279 1400 438 1476 Atellanis
460 1399 536 1472 licet
557 1399 974 1477 animadverterorosb'coa
990 1403 1156 1476 dicerem
1171 1401 1272 1474 addu

217 1509 304 1582 uisse
326 1529 387 1604 pro
410 1521 519 1578 scorto
541 1504 745 1579 Polliculaun

218 1729 409 1825 amanum]
429 1737 552 1824 ntetpn.
573 1741 601 1816 1,
619 1742 656 1816 o,
674 1717 743 1804 an'

220 1819 389 1902 Scortator]
411 1819 543 1884 Terentii
564 1819 630 1881 libri
650 1824 789 1896 obsouut3
808 1821 978 1884 memoriola
997 1820 1142 1884 vacillasse
1163 1821 1271 1882 Varro

258 1923 325 1964 uem
345 1912 444 1962 censet
462 1899 619 1961 Bentleius.
660 1901 696 1961 cl.
715 1901 848 1963 Politian.
870 1901 951 1962 lllise.
971 1923 1032 1983 cap.
1052 1903 1102 1964 63.
1120 1933 1165 1947 -
1198 1913 1273 1962 reete

257 1995 410 2043 scortator
429 1979 556 2041 defendit
576 1980 710 2040 Floridus
729 1981 860 2041 Lection.
882 1980 958 2041 subs.
978 1983 1007 2059 Ι,
1025 1983 1055 2042 5.

219 2077 282 2140 olet
300 2087 448 2160 unguenta
467 2075 502 2138 de
523 2071 606 2158 meo]
640 2076 720 2136 Flor.
739 2075 832 2137 llavn.
855 2088 885 2137 et
904 2075 1036 2138 Terentii
1055 2075 1133 2138 libri.
1153 2078 1272 2137 —olet

258 2170 432 2238 unguentum
454 2158 490 2216 de
510 2179 570 2216 meo
591 2175 691 2216 omnes
710 2155 814 2237 reliqui
833 2155 973 2218 Varronis
992 2154 1068 2216 libri.

220 2273 293 2336 quae
314 2247 403 2330 dieta]
435 2275 510 2328 quae
528 2267 656 2310 scortum
676 2253 759 2312 dicta
780 2251 898 2333 Sciopp.
919 2273 953 2312 ex
972 2251 997 2310 F
1000 2249 1069 2312 ulrii
1088 2251 1160 2312 Urs.
1180 2271 1274 2312 enen·

260 2331 394 2407 datione,
415 2329 463 2410 qni
484 2330 570 2391 tacite
590 2329 630 2392 ita
649 2329 735 2392 allent
754 2331 790 2392 ad
809 2331 886 2394 Fest.
907 2329 999 2414 sragg.
1020 2352 1084 2414 pag.
1106 2333 1157 2392 64.

219 2426 340 2507 antiqui,
361 2427 409 2507 qui
424 2423 570 2504 dicebant]
591 2427 615 2486 F
618 2427 672 2487 lor.
684 2459 725 2472 -·
744 2428 864 2502 antiqui
882 2429 1017 2488 dicebant
1038 2425 1146 2507 reliqui
1166 2447 1271 2488 omues

213 2507 338 2568 ‚dicimus
357 2503 484 2584 scortea]
507 2508 631 2566 dicimus
647 2521 747 2566 scorta
767 2505 846 2566 Edit.
866 2507 958 2588 princ.
977 2517 1083 2567 retust.

220 2607 237 2648 e
257 2585 339 2646 corio
359 2607 391 2646 ac
410 2581 546 2666 pellibus]
573 2583 660 2645 Rhol.
679 2585 755 2646 Ven.
775 2586 798 2645 l.
818 2587 854 2646 ll.
875 2583 943 2645 Atd.
963 2585 1027 2646 Bas.
1046 2584 1136 2645 Paris.
1159 2583 1274 2666 Grjplr.

258 2697 300 2712 -
326 2688 346 2724 a
373 2667 452 2725 corio
477 2687 514 2726 ac
533 2667 659 2740 pedibus
676 2665 770 2725 ΗΜ.
790 2697 831 2712 ··-
854 2666 974 2744 secorio
993 2686 1030 2724 uc
1045 2667 1181 2740 pellibus
1198 2665 1274 2722 Edit.

258 2765 352 2885 gnae.
371 2754 475 2806 vetust.
497 2775 537 2787 -—
562 2745 698 2804 excorio
719 2758 747 2803 et
764 2745 894 2824 pellibus
914 2743 989 2806 Cod.
1008 2743 1044 2803 B.
1064 2743 1157 2827 Vulg.
1178 2745 1276 2805 Verte.

284 2823 380 2905 ciopp.
399 2855 440 2868 -·
460 2845 498 2882 ex
518 2824 596 2883 corio
617 2845 653 2885 uc
668 2824 799 2899 pellibus
816 2821 897 2884 Flor.

219 2919 287 2981 inde
306 2919 336 2979 in
349 2916 475 3000 aliquot]
497 2915 571 2978 cod.
591 2917 624 2979 Β.
644 2917 710 2979 Ald.
732 2919 796 2981 an.
816 2919 880 2980 Par.
901 2915 1016 3002 Gryplr.
1037 2917 1086 2978 Vn
1134 2929 1157 2977 t.
1177 2915 1278 2977 verer.

261 2999 380 3081 Sciopp.
397 3030 439 3044 -
472 2999 542 3056 inde
561 2999 684 3076 aliquid
701 2998 778 3059 Edit
798 2997 889 3080 princ.
910 3011 968 3058 vet.
989 2996 1078 3057 Rhol.
1128 3017 1176 3058 eu.
1194 2998 1220 3055 l.
1243 2998 1278 3055 ll.

259 3111 300 3124 --
320 3081 352 3139 t'n
372 3077 496 3154 aliquid
513 3073 593 3136 Flor.
614 3111 654 3124 -
674 3079 705 3138 t'n
724 3077 843 3155 aliquot
862 3076 936 3138 Cod.
957 3077 1052 3140 ΗΜ.

216 3157 305 3218 sacris
320 3177 358 3252 'ac
376 3153 502 3238 sacellis]
522 3158 632 3216 carreis
652 3179 688 3217 ac
706 3159 844 3218 raceller's
862 3155 950 3239 Vulg.
998 3235 1006 3251 ο
1209 3234 1220 3255 ν

220 3231 1074 3392 ”euterun{anre-„ru„rerr.
1119 3233 1284 3395 art:

220 3415 350 3548 Muqque
368 3408 514 3533 “munli
529 3391 603 3532 Coql).
624 3389 763 3534 ΒΘΕάἰὶἐὶ
774 3394 869 3476 priuc.
889 3405 947 3456 tet.

250 3491 267 3531 e
324 3491 382 3532 orn.
461 3493 554 3533 .as.
596 3495 636 3534 ar.
690 3495 773 3556 cyp.

221 3547 423 3633 morticinum]
449 3550 530 3612 Flor.
551 3552 624 3614 Cod.
644 3553 678 3613 B.
698 3553 776 3614 Edit.
797 3551 888 3635 princ.
908 3561 966 3614 vet
987 3551 1077 3614 Rbol.
1097 3552 1172 3612 Ven.
1199 3553 1227 3611 1.
1248 3553 1286 3610 ll.

260 3627 328 3689 Ald.
347 3631 412 3690 llas.
431 3631 496 3691 Par.
517 3631 632 3716 Grypo.
652 3633 752 3694 verer.
772 3633 891 3714 Sciopp.
905 3663 947 3679 -
965 3633 1165 3694 morticinium
1188 3630 1287 3712 Vulg.

262 3718 293 3768 et
311 3707 403 3768 Havn.
422 3721 456 3770 ut
475 3710 597 3772 videtur.

220 3784 380 3870 Atellanis]
399 3789 567 3850 Atellurm's
587 3789 673 3875 Vulg.

218 3861 334 4006 dicered]
355 3887 412 3962 our.
433 3867 506 3930 Cod.
526 3869 560 3932 B.
579 3867 634 3930 Ed.
653 3870 747 3968 princ.
766 3883 825 3932 vet.
844 3867 935 3931 Rbol.
954 3869 1031 3931 Veu.
1051 3869 1073 3930 l.
1092 3869 1126 3930 11.

221 3965 252 4005 se
271 3945 306 4006 ad
326 3943 436 4029 uxrsse]
455 3971 548 4008 secum
567 3951 732 4011 adduxere
751 3949 826 4013 cod
846 3949 882 4010 Β.

222 4041 278 4105 pro
297 4022 411 4105 ocorto]
429 4049 486 4104 pro
504 4027 712 4092 scorteoGod.
732 4030 767 4096 Β.
787 4028 942 4116 Angustia.
962 4039 994 4090 et
1012 4028 1112 4090 vestr.
1131 4025 1163 4088 iu
1189 4049 1288 4114 marg.
