2722 4676
385 325 526 392 LIBER
547 321 773 405 QUINTUS.
1082 329 1107 396 0

62 507 185 594 Scaliger
202 509 238 573 ad
257 509 344 572 Varr.
364 531 430 596 pag.
449 511 517 573 ttt.
535 508 601 592 Bip.
649 509 798 572 Videntur
815 513 905 574 etiam
923 525 987 575 tum
1005 523 1109 574 aetate

63 591 202 651 Varronis
227 591 362 668 duplices
387 613 445 650 non
468 591 595 650 multum
618 589 651 650 in
675 613 730 650 usu
740 592 850 670 fuisse.
901 592 1010 668 ltaque
1028 593 1111 670 quod

64 671 114 728 ille
129 670 291 746 scripserat
311 669 376 731 Eni
388 691 446 746 pra
465 668 547 740 Enii,
564 682 711 744 putarunt
728 672 818 729 enim
837 693 906 732 esse.
940 670 1033 732 lllalta
1053 692 1108 731 nu-

63 769 142 828 peros
165 749 295 810 Dawesii
320 749 425 810 editor.
477 747 654 846 Forbigerus
672 748 704 807 in
723 747 823 810 libello
844 750 879 810 de
898 749 1028 810 Lucretii
1047 771 1110 811 ear-

64 829 147 904 mina,
178 850 215 910 pa
240 873 248 888 .
274 830 323 890 75.
375 827 462 909 „Ego
487 829 544 888 hae
568 850 600 889 sn
626 849 659 886 re
683 829 714 886 ei
737 830 887 888 adsentiri
908 853 966 889 nan
981 851 1109 904 passum,

66 930 144 983 quum
163 911 209 968 mi
230 910 246 968 i
263 911 390 968 nondum
405 929 579 983 persuasum
596 907 652 978 sit,
683 909 820 988 regulam
839 908 929 968 illam
949 930 970 967 a
987 909 1112 984 scripta-

65 989 138 1046 rilus
155 987 319 1063 Propertio
337 988 487 1062 prioribus
497 988 569 1064 sere
588 987 679 1046 ubivis
698 988 745 1046 ita
766 989 947 1048 observatam
966 1011 1040 1059 esse,
1066 999 1111 1060 ut,

67 1068 94 1126 si
113 1090 166 1143 pua
192 1069 260 1127 loco
286 1069 379 1127 aliter
396 1067 536 1141 scriptum
556 1079 720 1142 appareat,
753 1067 780 1125 is
797 1067 901 1126 statim
921 1067 1112 1147 corrigendus

68 1147 107 1205 rel
128 1148 250 1222 spurius
268 1149 424 1206 censendas
442 1146 516 1216 sit,“
551 1156 581 1205 et
599 1155 667 1226 post
686 1144 776 1204 allatis
796 1144 946 1226 exemplis,
979 1167 1044 1230 pag.
1064 1146 1112 1206 76.

67 1226 164 1284 Altera
190 1239 295 1284 autem
321 1247 427 1296 causa,
463 1247 523 1301 qua
548 1239 642 1284 motus
666 1225 719 1285 hos
744 1226 822 1285 locos
852 1249 909 1284 nan
937 1225 1113 1303 conjecturis

69 1306 271 1364 sollicitandos
304 1327 364 1365 esse
395 1317 485 1382 puto,
520 1305 581 1380 ipse
620 1317 661 1364 est
698 1304 839 1362 seriorum
865 1308 1042 1380 scriptarum
1074 1326 1114 1364 es:

70 1407 129 1444 aero
147 1383 176 1444 A
256 1397 299 1444 teo
319 1407 395 1445 usus.
436 1384 464 1442 V
463 1384 499 1443 isc
518 1385 593 1444 enim
613 1383 805 1464 intelligitur,
825 1387 967 1460 quomodo
989 1383 1024 1444 ln·
1039 1383 1114 1443 scri-

68 1477 165 1536 ptores,
176 1407 364 1540 &liparam
379 1462 525 1538 inprimis,
546 1486 629 1541 quem
647 1463 765 1523 minime
785 1485 873 1522 noras
883 1465 1005 1541 fortnas
1025 1464 1112 1522 indu-

72 1545 156 1614 risse,
181 1545 245 1604 r'rno
265 1545 311 1602 ad
324 1544 470 1618 pristinas
484 1544 584 1618 potius
603 1556 631 1602 et
652 1543 827 1620 antiquatas
846 1544 970 1602 rediisse
987 1554 1113 1613 canstat,

72 1623 99 1680 in
126 1625 219 1683 illam
243 1623 394 1682 licentiam
419 1623 605 1694 incidissent,
638 1622 668 1680 si
693 1644 728 1681 ne
753 1645 826 1680 unus
849 1622 967 1698 puidem
993 1635 1115 1682 aeterum

73 1715 216 1762 auctorum
241 1703 301 1762 illa
320 1703 422 1762 saluta
438 1703 566 1782 genitivi
574 1704 682 1780 forma
702 1702 748 1762 uti
764 1701 824 1762 sibi
840 1701 1022 1760 indulsisset.

139 1782 223 1842 Haec
243 1780 338 1841 omnia
350 1803 386 1842 ex
400 1779 524 1863 Spohnii
542 1801 607 1842 acce
628 1793 658 1840 ta
677 1777 806 1840 doctrina
825 1778 969 1840 verissime
989 1801 1043 1840 nos
1063 1777 1117 1840 do-

74 1871 115 1919 tet
130 1859 323 1944 Forbigems3
349 1883 435 1941 quem
455 1881 525 1922 vero
546 1881 580 1921 ex
600 1803 726 1943 lirgilio
746 1857 843 1920 attulit
862 1857 972 1934 locum,
991 1879 1052 1918 non
1074 1869 1118 1919 est

74 1940 242 2010 taenarium
276 1939 407 2020 loquitur
426 1938 501 2002 eninr
520 1939 668 2002 Bentleius
689 1939 724 2000 de
743 1935 906 1998 nominibus
925 1937 1118 2013 substantivis,

74 2039 126 2078 non
144 2019 308 2100 adjectivis,
334 2020 413 2080 cuius
453 2020 546 2080 oneris
566 2018 648 2100 plura
667 2018 794 2082 invenias
814 2016 955 2158 exempla,
991 2017 1118 2098 quamvis

75 2099 168 2158 vetusti
195 2099 312 2159 codices
337 2111 369 2160 et
392 2099 422 2158 in
467 2099 490 2159 is
513 2098 678 2159 breviorem
698 2109 874 2180 praestantes
906 2117 1015 2158 ormam
1034 2116 1118 2178 saepe

76 2177 183 2260 simplex
204 2179 217 2237 i
236 2191 360 2240 servant.
399 2178 546 2240 Victorius
566 2178 601 2238 ad
621 2179 662 2254 ll,
684 2180 710 2238 l.
730 2178 766 2238 de
785 2177 822 2236 R.
841 2177 898 2258 Rs
991 2209 996 2214 ·

110 2259 196 2318 Asini
214 2258 368 2320 Arcadici.
408 2259 445 2318 ln
464 2259 672 2336 manuscriptis
690 2258 818 2318 Arcadi.
856 2256 989 2318 Arcadii
1005 2279 1044 2316 es·
1063 2277 1118 2314 an-

110 2339 194 2414 tipua
216 2341 366 2415 scripturo
387 2339 451 2416 legi
464 2353 562 2416 posset
581 2353 614 2398 ut
633 2361 724 2415 supra
744 2337 877 2398 Pecuari
889 2360 946 2413 pro
966 2335 1120 2408 Pecuarii,

112 2417 226 2478 Statili
244 2441 302 2493 pro
329 2417 468 2491 Statilii3
501 2441 570 2478 nam
596 2418 650 2478 hoc
674 2419 766 2476 etiam
793 2430 898 2477 veteres
924 2416 1049 2476 librarii
1072 2415 1121 2476 tic

110 2499 280 2568 seruabant,
314 2498 396 2576 quod
414 2512 521 2574 poetae
546 2498 719 2557 insecundo
740 2519 810 2558 casu
830 2497 954 2556 illorum
975 2495 1121 2556 nominum

111 2597 184 2652 quae
199 2576 387 2657 geminatam
405 2577 495 2638 illam
514 2577 647 2638 litteram
667 2577 824 2648 haberent,
843 2578 1018 2654 frequenter
1037 2597 1121 2634 usur·

108 2669 237 2730 parunt,·
259 2655 387 2716 alterum
407 2657 481 2716 enim
500 2654 766 2726 lsubtralrebant;
793 2677 829 2714 ea
849 2656 925 2714 enim
944 2655 1062 2714 ratione
1082 2653 1121 2712 ab

27 2743 33 2768 ⁸
111 2735 220 2808 optimo
242 2747 336 2810 poeta
358 2733 485 2816 Tuguri,
517 2735 639 2807 Peculi,
671 2734 800 2806 Patavi,
835 2734 904 2806 Oti,
938 2735 1122 2794 dictumest.

111 2811 191 2872 Nam
215 2815 382 2874 Arcadium
406 2815 498 2874 etr'am
523 2815 561 2874 ab
580 2813 717 2876 Arcadia
739 2813 891 2874 declinari
908 2813 1037 2874 eiusdem
1052 2833 1123 2886 poe·

109 2893 337 3050 &filsegpapac
356 2895 528 2974 confirmari
533 2907 630 2971 potest
657 2891 785 2976 (Georg.
799 2893 849 2952 lV.
875 2891 944 2954 293.
971 2889 1034 2952 add.
1048 2887 1123 2950 Aen.

186 3015 196 3046 ,
278 3015 284 3031 .
308 3015 316 3030 .

190 3051 316 3126 Tempus
334 3066 363 3112 et
382 3051 514 3114 Arcadii
530 3053 721 3112 memoranda
742 3051 867 3134 inventa.
880 3048 1032 3128 magistri.

149 3128 665 3206 Contviaor.v2r.Lecexv1t‚
685 3133 713 3190 l.
733 3129 807 3190 idem
828 3128 859 3188 ln
879 3129 962 3188 lllssc.
983 3127 1059 3187 notis
1074 3125 1125 3188 Ci-

78 3211 184 3272 ceronis
203 3235 250 3271 res
269 3213 403 3288 ntancipi
419 3209 561 3292 explicans
582 3211 651 3270 haec
671 3206 761 3270 addit:
797 3232 886 3284 quum
905 3209 1051 3267 rationem
1072 3207 1125 3267 ho·

78 3289 125 3347 die
147 3291 272 3366 quidam
294 3293 426 3352 studiosi
448 3289 643 3370 antiquitatis
668 3303 854 3348 renovarunt.
908 3285 968 3363 Qui
994 3283 1035 3346 illi
1055 3298 1126 3347 tunc

76 3371 209 3448 temporis
228 3369 353 3446 luerint,
373 3392 420 3432 me
438 3371 548 3431 nescire
568 3370 671 3430 lateor.
716 3367 874 3429 Decurtsta
894 3367 1013 3463 genitivi
1034 3366 1127 3426 forma

79 3443 106 3504 in
169 3448 230 3508 oris
250 3448 312 3510 lere
332 3449 460 3511 occurit
479 3449 638 3531 scriptore,
670 3459 701 3508 et
720 3468 779 3527 qno
799 3461 942 3510 vetustior
963 3459 1007 3508 est
1025 3447 1128 3518 codex,

79 3543 112 3584 ω
181 3527 315 3607 quentia
338 3529 493 3591 invenitur.
548 3529 597 3589 Sic
621 3528 651 3588 in
671 3527 845 3590 Florentino
866 3527 965 3589 codice
985 3525 1081 3601 Taciti
1100 3545 1128 3584 v.

80 3623 102 3662 t·
126 3605 227 3667 Amat.
256 3608 313 3686 xl,
333 3611 362 3669 l.
414 3609 456 3669 At
477 3607 671 3669 Claudius...
693 3607 860 3684 Crispinum
878 3607 1024 3667 Praetori
1037 3627 1129 3681 prae-

71 3684 182 3759 sectum
200 3687 302 3761 misit,
334 3709 396 3754 non
413 3689 578 3766 praetorii,
607 3687 669 3766 Xl,
689 3687 738 3748 35.
771 3689 877 3746 mirum
897 3687 977 3745 inter
996 3685 1069 3748 haec
1088 3682 1129 3741 si-

80 3763 198 3824 lentium
216 3765 346 3827 Claudi.-
365 3769 463 3828 Iulius
484 3769 590 3847 s'gnaro
608 3766 742 3842 propior,
768 3786 843 3826 non:
869 3764 997 3826 Claudii
1002 3788 1012 3822 .·
1032 3765 1061 3824 V
1060 3762 1130 3826 itel-

81 3841 138 3900 lius
157 3857 186 3905 et
202 3846 242 3906 sic
262 3848 383 3928 saepius.
435 3845 575 3907 Varronis
595 3845 686 3906 adhuc
706 3857 798 3908 aetate
819 3866 902 3908 usum
921 3856 1051 3906 veterem
1071 3841 1131 3902 ire-

81 3935 199 3999 queater
217 3926 379 3989 (luminasse
397 3937 479 4008 patet
498 3946 534 3988 ex
553 3925 707 4002 v111,18‚
746 3924 782 3986 de
801 3923 888 4007 Ling.
907 3923 985 3984 Lata

118 4001 266 4065 Disulru'le
277 4007 412 4068 Plautus
430 4019 459 4066 et
472 4003 628 4078 Plautius,
648 4018 677 4064 et
698 4027 844 4067 commune
863 4017 896 4064 ut
917 4005 1014 4076 huius,
1033 4001 1131 4064 Plau·

119 4081 158 4140 tis
175 4097 202 4142 et
220 4085 337 4158 Marci,
366 4086 488 4146 Plauti.
