2618 4672
327 307 469 372 LlBER
485 305 730 374 octavos.
995 305 1055 370 418

31 480 219 592 περίστυλον
240 491 492 578 similitudinem,
514 509 547 563 et
568 491 751 564 cubiculum
768 490 811 562 ad
827 489 943 586 neaufle,
965 489 1056 586 qnod

32 613 121 666 tamen
147 613 278 694 propter
304 599 473 668 utilitatem
499 598 539 668 iu·
560 597 620 668 his'
641 589 918 670 dissimilitudines
946 596 1056 692 potins

33 725 113 795 quam
133 703 353 774 similitudines
376 727 566 799 sequamnr3
588 703 698 798 itaque
722 719 755 772 et
769 701 904 772 hiberna
920 699 1056 771 triclinia

33 821 58 874 et
75 807 185 878 aestiva
207 833 276 877 non
297 807 375 877 item
396 808 524 879 valvata
546 831 584 878 ac
606 807 784 877 fenestrata
805 806 953 876 facimus.

105 920 152 984 15.
202 909 316 1002 Quare
338 939 438 1009 quom
459 913 551 982 utin
573 913 706 996 vestitu,
745 910 914 996 aediliciis,
952 908 998 981 sin
1021 903 1078 979 iu‘

33 1014 224 1108 supellectile,
259 1016 350 1102 cibo,
377 1017 556 1114 ceterisque
579 1017 730 1086 omnibns
754 1039 838 1112 quae
860 1039 924 1084 usn
945 1013 989 1084 ad
1010 1014 1055 1083 vi·
1069 1021 1116 1076 111

32 1131 84 1188 lam
94 1137 164 1192 sunt
179 1137 358 1218 assumpta,
372 1122 558 1193 dominetur
571 1119 834 1218 inaequabilitas3
856 1119 891 1188 in
904 1143 1056 1198 sermone

30 1247 158 1394 quue,
192 1227 250 1325 qni
272 1241 323 1298 est
343 1251 423 1298 usus
446 1249 547 1298 cansa
570 1227 779 1310 constituens,
805 1249 848 1296 ea
868 1248 938 1294 non
959 1249 1055 1320 repn-

50 1327 141 1401 'anda

105 1443 152 1512 16.
211 1429 315 1526 Quod
343 1436 467 1535 siquis
490 1433 653 1532 duplicem
674 1451 768 1530 poam
791 1459 863 1505 esse
884 1457 1056 1518 summam,

32 1535 66 1604 ad
84 1564 156 1635 quaa
177 1558 284 1614 metas
305 1558 441 1614 naturae
463 1537 780 1637 superveniendum
800 1539 835 1610 in
856 1565 935 1626 usn,
973 1537 1057 1609 utili·

33 1826 966 1988 ''ast’l2tt‘302231‘230tutautltin
983 1853 1059 1971 sut
1166 1893 1167 1896 Ν

61 1985 141 2064 prino
160 2000 219 2050 vet.
231 2009 271 2036 ⁴-
290 2012 327 2047 τε
344 1983 457 2046 aradam
478 1985 576 2048 Verte.
597 1985 684 2068 Sciop
707 2018 769 2045 .-
783 1989 937 2069 perr‘sfflia'
955 1985 1059 2070 Scalig.

32 2059 58 2120 ad
74 2063 174 2146 equile]
211 2067 291 2130 Flor.
362 2087 410 2128 vo.
430 2100 470 2113 -
503 2068 673 2144 adaequale
721 2077 791 2128 eutr.
813 2065 931 2149 Sciopp.
951 2101 990 2112 -
1009 2089 1061 2127 aa·

62 2145 169 2238 dr'culae
189 2146 330 2230 Scaliger.
348 2177 389 2192 -
408 2149 455 2206 ad
472 2169 508 2208 ea
527 2147 655 2224 aequale
672 2145 791 2228 Popma
811 2179 852 2194 -
871 2150 917 2208 ad
933 2147 1062 2224 aequalt

30 2236 199 2378 quiadedlnen
214 2301 352 2444 {ruptor}
372 2303 503 2367 Floreat
523 2305 617 2366 Ham.
636 2302 715 2366 Edit.
735 2305 828 2388 prino.
846 2316 950 2366 vetunt
970 2303 1059 2368 unet

62 2381 154 2444 Venet.
174 2386 199 2445 1.
235 2387 256 2444 l.
278 2383 344 2444 Alo.
364 2385 428 2444 Bas.
448 2383 512 2444 Par.
534 2383 649 2468 Gryph.
668 2417 709 2432 -
741 2407 805 2447 cum
824 2399 921 2446 tamea
937 2400 1061 2466 propter

61 2459 126 2521 Cod.
144 2464 180 2524 B.
199 2461 319 2545 vulgat.
337 2463 473 2528 Ver-tran.
494 2463 613 2561 Sciopp.
1005 2501 1009 2506 -

29 2535 52 2596 in
69 2537 121 2637 his]
140 2545 172 2602 a'n
193 2544 248 2604 icis
267 2542 341 2604 Cod.
361 2543 395 2602 B.
414 2575 456 2588 ·-
475 2545 507 2602 a'n
526 2545 589 2604 hear
608 2541 695 2627 Vulg.

30 2618 151 2706 triclinus]
172 2636 202 2683 at
222 2623 359 2683 triclinia
379 2621 484 2682 Veniet.
504 2623 526 2682 l.
547 2621 583 2683 ll.
604 2620 670 2683 ΑΗ.
690 2623 753 2683 Bas.
774 2619 861 2682 Paris.
882 2619 987 2704 Gryplr

28 2717 54 2756 ao
70 2695 236 2784 fenestrata]
256 2699 387 2763 Floreut.
406 2701 501 2763 llam.
519 2733 560 2749 -
580 2715 609 2763 et
617 2703 788 2781 fenestrata
808 2701 922 2783 reliqui.

412 2832 450 2896 *C
469 2853 485 2894 a
506 2855 535 2918 p.
584 2833 652 2897 XV.

28 2933 116 3014 quom]
135 2935 231 2998 ΗΜ.
250 2969 291 2984 -
310 2959 373 2997 cam
393 2935 490 2999 ceteri.
614 2943 617 2950 ’
989 2986 991 2992 .

29 3023 54 3068 nt
80 3014 106 3073 in
129 3013 252 3096 vestitu]
287 3015 425 3098 Stephan.
450 3014 586 3098 Append.
611 3035 676 3100 pag.
696 3017 763 3079 174.
788 3047 829 3063 -
862 3027 891 3078 et
910 3015 942 3078 ia
961 3015 1064 3082 vestita

59 3092 183 3156 florent.
197 3096 291 3156 Hovn.
311 3129 351 3142 -
372 3097 403 3156 t'n
425 3099 526 3156 vestitu
545 3095 644 3157 celeri.

26 3171 159 3253 aediliciis]
181 3175 350 3254 aedificium
371 3175 463 3234 ΗΜ.
680 3173 683 3180 ’

25 3251 191 3336 tauroque]
212 3253 342 3314 Floreat.
362 3254 455 3314 llam.
474 3252 563 3313 Rhol.
583 3253 688 3314 Venet.
708 3252 731 3313 l.
751 3254 788 3313 ll.
807 3253 874 3314 ΑΗ.
893 3252 977 3314 Basil.
998 3252 1063 3316 Par.

57 3327 169 3412 Gryplu
193 3365 233 3379 -
249 3335 369 3470 x{efferris
388 3329 488 3394 Codex
508 3333 543 3395 B.
562 3329 616 3393 Ed
636 3333 727 3415 princ.
747 3343 804 3394 vet.
824 3333 923 3394 Vertr.
944 3332 1062 3417 Sciopp.

55 3414 232 3472 —·ceterea'a
279 3433 296 3470 u
328 3455 337 3471 .
555 3461 559 3471 .

23 3505 86 3564 quae
104 3486 179 3573 nan]
199 3489 313 3551 Rholan
360 3491 435 3552 Ven.
455 3490 478 3551 l.
499 3491 535 3550 ll.
556 3489 624 3551 ΑΗ.
643 3491 707 3551 Bas.
726 3491 791 3551 Par.
812 3488 928 3574 Gryph.
947 3491 1064 3578 Vulgat.

56 3567 191 3661 Ver-tran.
212 3569 330 3652 Sciopp.
348 3603 389 3618 -
416 3593 579 3649 quaemus
598 3569 678 3630 Flos.
698 3571 790 3634 ΗΜ.
811 3570 911 3634 Codex
931 3573 964 3634 B.
984 3573 1062 3635 Edit

72 3668 143 3709 nnc.
164 3660 222 3710 vet„

23 3667 171 3808 relapsa]
192 3731 296 3790 adsum
317 3745 351 3790 ta
372 3729 446 3792 cod.
466 3729 501 3789 B.
519 3727 637 3812 Vulgat.
657 3728 755 3790 Verte.
775 3731 894 3814 Sciopp.

23 3799 242 3889 inaequabiliter]
263 3753 343 3871 Edit.
361 3841 402 3856 -
421 3811 626 3886 inaequalitas
644 3808 747 3890 reliqui
767 3831 874 3874 omnes.

426 3939 535 4024 Cap.
575 3903 655 4002 ΧΗ.

23 4033 68 4122 tit]
85 4042 117 4103 εἰ
133 4041 227 4104 Ham.
