2736 4676
249 347 375 396 rxxrm
624 317 929 394 PRAEFATIO

248 501 314 592 qui
342 497 490 572 illomm
517 495 636 570 mista
662 487 769 568 nobis
789 503 1004 582 servarant,
1036 511 1089 566 ex
1115 487 1302 568 codicibus

250 631 419 706 restituta
440 638 538 718 sunt,
559 625 755 718 medearis.

350 761 394 834 In
414 760 582 834 Varmne
611 755 872 858 perlustrando
901 777 991 833 usus
1021 769 1078 832 ast
1107 756 1302 854 Augustini

250 893 463 968 recensione
484 913 608 990 quem,
634 901 678 964 ut
703 887 910 982 Turnebus,
936 889 1036 964 male
1066 889 1302 964 emendatam

251 1047 333 1099 esse
355 1023 451 1098 bene
472 1023 684 1124 perspexit,
713 1023 917 1122 acriterque
937 1023 1146 1098 romanum
1167 1021 1303 1096 librum

250 1157 479 1255 perstringit3
517 1155 614 1230 conf.
646 1177 683 1232 v.
703 1177 735 1228 c.
767 1177 851 1253 pag.
875 1157 936 1246 36,
964 1157 1025 1246 61,
1056 1155 1115 1244 63,
1139 1153 1197 1244 71,
1221 1159 1304 1244 131,

255 1291 325 1364 168
349 1287 428 1386 Bip.
453 1287 609 1386 aliaque.
657 1287 788 1386 Itaque
814 1289 855 1362 in
881 1285 1140 1362 difficilioribus
1164 1285 1212 1360 ad
1236 1307 1304 1358 an-

165 1407 169 1422 ’
253 1419 405 1517 tiquitus
426 1439 597 1510 excusos,
621 1417 722 1518 apud
745 1441 849 1517 quos,
870 1431 914 1493 ut
936 1421 1016 1519 ipse
1038 1419 1126 1494 dicit
1147 1441 1227 1518 paq.
1244 1415 1305 1512 76,

254 1574 401 1650 semper
422 1553 555 1628 certior
576 1563 704 1628 exstat
726 1553 846 1645 lectio,
858 1533 978 1628 rediit
1027 1549 1134 1641 Quod
1158 1553 1305 1630 silibo-

254 1682 408 1772 landelli
438 1683 638 1760 editionem
675 1708 780 1784 quae.
808 1685 944 1784 ubique
971 1687 1144 1786 proxime
1173 1707 1305 1762 venum

254 1815 407 1908 accedit,
432 1830 579 1894 1111111111
601 1828 710 1908 esset,
729 1819 931 1914 sagacitate
952 1841 1022 1896 sua
1042 1821 1159 1894 multo
1179 1821 1307 1917 plures

255 1946 416 2044 integros
444 1948 665 2026 reddidisset
692 1927 809 2043 lodos3
838 1973 937 2026 nuno
958 1951 1182 2028 Venetorum
1204 1951 1308 2032 vitiis

254 2079 442 2156 interdum
464 2080 763 2158 emendationem
782 2084 932 2158 firmare
954 2083 1095 2160 studete
1118 2095 1309 2184 praeterea

200 2255 205 2263 «
256 2233 395 2310 paucas
418 2211 587 2288 codicum
611 2215 786 2290 lectiones
804 2215 854 2290 ad
878 2219 1019 2315 priores
1039 2231 1163 2294 ternos
1183 2217 1310 2310 libros,

256 2343 298 2416 in
320 2341 482 2419 Turnebi
505 2345 711 2445 posthumis
735 2347 873 2439 editas,
904 2351 1008 2428 ouius
1034 2349 1312 2430 emendationes

257 2475 452 2576 plerasque
474 2477 666 2575 probabat,
696 2453 889 2556 consuluit
939 2485 1009 2560 His
1032 2487 1180 2560 auxiliis
1203 2487 1311 2562 adiu-

258 2615 318 2684 tus
340 2609 483 2703 egregie
506 2609 690 2706 quaedam
713 2615 889 2707 restiterit,
921 2619 1083 2716 plurima
1103 2641 1192 2696 vero
1213 2643 1312 2717 quae

258 2739 554 2838 probabilitatem
579 2764 654 2816 non
675 2745 873 2839 excedunt,
886 2750 962 2828 imo
982 2751 1078 2844 hauc
1093 2773 1177 2826 raro
1198 2755 1312 2826 attin-

258 2881 361 2964 gunt,
385 2884 423 2945 et
443 2895 600 2970 quorum
621 2887 766 2973 partem
791 2879 832 2952 in
860 2879 1042 2959 addendis
1064 2886 1143 2983 ipse
1171 2885 1313 2958 recide·

261 3001 343 3095 bat,
377 3005 533 3080 coniecit
564 3027 717 3106 seseque
749 3012 789 3084 in
815 3009 874 3086 his
905 3018 1176 3090 commentariis
1216 3019 1313 3111 (vid.

260 3157 344 3230 pag.
368 3142 437 3210 1³2
464 3135 561 3236 Bip.)
594 3161 672 3214 nou
703 3137 884 3240 κριτικὸν
911 3169 1039 3243 agere,
1074 3149 1141 3224 sed
1162 3170 1314 3222 σκεπτι-

262 3257 349 3351 κόν,
373 3278 411 3338 et
434 3271 561 3344 omnia
584 3271 777 3350 arbitrario
798 3277 879 3350 iure
904 3277 1084 3372 decidere,
1106 3305 1181 3359 non
1200 3297 1316 3376 certo,

263 3395 371 3483 fateri
392 3395 483 3472 nihii
507 3411 673 3477 moratus
694 3415 762 3499 est.

464 3559 625 3639 Editio
656 3566 864 3668 Gaspari
901 3573 1117 3678 Scioppii

576 3695 792 3792 Ingoistadii
817 3705 922 3781 1602.
948 3715 1004 3784 12.

363 3823 555 3902 lectiones
570 3850 623 3904 cx
645 3833 804 3930 antiquis
828 3837 1013 3918 codicibus
1029 3843 1189 3920 Gabrieli
1200 3841 1320 3920 Faer-

267 3975 316 4030 no
344 3969 541 4059 excerptas
570 3983 596 4034 a
617 3961 753 4040 Fulvio
776 3961 910 4060 Ursino
941 3974 1004 4072 qui
1030 3997 1117 4052 suas
1140 3977 1322 4054 librorum

267 4087 447 4184 addebat,
488 4093 621 4168 missas
650 4099 833 4197 accepisse
870 4103 910 4176 in
942 4109 1171 4204 praefatione
1198 4105 1324 4184 editor

239 4233 412 4314 'monet;
450 4221 517 4300 sod
551 4225 652 4304 haud
680 4231 756 4306 scio
789 4255 838 4308 an
867 4237 929 4334 qui
957 4236 1066 4317 buius
1096 4241 1167 4320 viri
1194 4263 1324 4319 moros
