2628 4672
354 317 495 382 LIBER
523 317 720 382 SEXTUS.
1005 321 1066 384 273

22 497 95 568 mde
115 521 179 566 vox
200 497 244 566 ad
266 495 461 568 concionem
482 497 630 567 vocantis
642 495 790 568 exaudiri
807 495 923 592 possit.
947 493 1063 586 Qnaro
1105 483 1108 492 ¹

21 628 75 672 ma
102 601 226 695 origine
254 601 334 670 lllici
357 619 390 672 et
410 601 519 671 Inlicis
543 601 633 696 quod
656 601 691 670 in
715 601 817 672 choro
839 601 1063 696 Proserpinae

22 724 69 791 est,
89 724 122 778 et
143 705 282 776 Pelloxit
305 707 394 802 quod
416 707 452 776 in
474 706 665 788 Hermiona,
690 731 791 800 quom
813 705 858 774 ait
875 721 1061 778 PAGUVIUS

157 811 252 904 regni
270 811 374 880 alieni
392 811 557 903 cupiditas
575 811 727 902 pellexit.

21 912 64 984 Sic
85 914 177 984 Elicii
198 916 284 986 Iovis
308 941 365 984 ara
386 915 421 984 in
443 915 606 988 Aventino
623 915 664 984 ab
684 915 856 986 eliciendo.
881 914 957 986 Hoc
974 942 1062 987 nunc
1101 899 1109 922 ⁸

21 1018 98 1088 eiiter
119 1020 154 1088 fit
175 1036 272 1116 atque
296 1019 384 1104 olim,
407 1019 497 1116 quod
520 1045 623 1114 augur
646 1020 771 1090 consuli
790 1019 1077 1092 0100110100οω-

22 1124 164 1193 exercitns
186 1125 371 1220 imperatur,
393 1151 432 1194 ac
455 1125 559 1220 praeit
580 1125 658 1224 qnid
682 1153 756 1194 oum
774 1125 881 1194 dicere
900 1141 1060 1220 oporteat.

21 1225 135 1298 Consul
156 1231 269 1323 auguri
292 1230 451 1325 imperare
474 1229 572 1314 solet,
611 1245 647 1299 ut
668 1229 813 1299 inlicium
835 1247 949 1317 vocet,
988 1257 1130 1336 nonffl)

19 1357 145 1406 accenso
173 1352 231 1404 ant
256 1334 428 1430 praeconi3
465 1333 501 1404 id
529 1334 697 1447 inceptum
725 1335 841 1421 credo,
879 1361 955 1406 cum
987 1361 1057 1407 non

18 1617 45 1679 oi
61 1617 245 1700 concionem]
265 1619 396 1682 Florent.
415 1620 509 1682 Havn.
530 1620 584 1682 Ed.
626 1622 697 1682 rinc.
717 1633 821 1684 vetust.
840 1621 930 1684 Rhol.
950 1623 1060 1686 Venet.

49 1701 69 1760 1.
87 1703 124 1760 11.
149 1699 217 1760 Md.
237 1699 322 1760 Basil.
342 1701 430 1762 Poris.
452 1699 567 1783 Gryph.
622 1713 692 1762 ertr.
710 1735 751 1748 -
783 1705 829 1762 ad
845 1705 1057 1764 conventionem

48 1778 117 1840 Coo
138 1780 173 1840 B.
194 1778 311 1864 Vulgat.
331 1780 450 1862 Sciopp.

16 1879 148 1963 romntie]
178 1883 309 1976 1100001.
329 1884 422 1943 Horo.
444 1881 518 1943 Cod.
540 1883 572 1942 Β.
594 1881 712 1966 vulgat.
731 1883 866 1945 Veromo.
886 1915 927 1930 -
948 1885 1056 1944 voeatis

47 1961 120 2022 Edit.
141 1983 235 2043 princ.
255 1974 359 2024 vetust.
379 1961 467 2022 Rhol.
487 1963 561 2024 Vcn.
581 1962 603 2022 1.
624 1964 660 2024 11.
682 1963 750 2024 Ald.
769 1963 835 2024 Bos.
854 1963 918 2024 Par.
940 1961 1056 2044 Gryph.

47 2040 162 2124 Sciopp.

14 2141 149 2226 euudiri]
169 2147 286 2206 exaudi
301 2144 394 2206 Ham.

13 2233 71 2298 illici
90 2251 121 2300 et
139 2236 252 2323 inlicis]
271 2241 403 2301 Florent.
422 2242 570 2305 -inlici
587 2254 616 2302 et
634 2243 733 2304 niteo
752 2242 845 2306 Hovn.
867 2240 940 2305 cod.
959 2239 994 2303 B.
1012 2275 1054 2290 —

44 2319 145 2380 inlicio
171 2335 202 2380 et
226 2322 338 2380 inliciis
364 2321 441 2381 Edit.
461 2322 552 2402 princ.
572 2334 677 2384 vetust.
701 2321 789 2382 Rhol.
815 2323 931 2384 Venl.
952 2323 987 2383 11.
1012 2355 1056 2368 -

44 2398 145 2460 inlicio
170 2412 199 2459 et
218 2401 337 2459 inlicius
356 2401 423 2460 Ald.
443 2401 507 2461 Bas.
527 2401 593 2460 Par.
614 2401 728 2483 Gryph.
749 2402 836 2499 Vulg.
856 2403 991 2462 Vertran.
1012 2433 1053 2448 -

45 2477 145 2538 inlicio
165 2493 194 2537 et
214 2481 313 2538 inlicit
333 2479 449 2562 Sciopp.
471 2513 511 2528 —-
535 2483 668 2540 inliciunt
687 2496 715 2540 et
734 2483 835 2542 inlicta
857 2479 994 2563 Scaliger.

9 2579 81 2656 qood
100 2580 132 2640 in
154 2577 330 2664 Hermiona]
355 2584 434 2642 etin
452 2583 615 2642 Hermiona
636 2582 709 2644 Coo.
729 2583 763 2644 B.
785 2583 862 2644 Edit.
882 2582 975 2665 princ.
995 2594 1054 2645 vet.

9 2691 91 2750 quom
109 2674 167 2755 ait]
187 2677 283 2737 Hovn.
302 2709 342 2723 -
361 2692 405 2738 est
425 2701 488 2738 eam
507 2680 552 2738 ait
574 2677 671 2738 ceteri.

7 2767 75 2831 lovis
95 2769 161 2850 ara]
182 2771 330 2832 Victorius
349 2772 418 2832 Var.
437 2773 518 2833 Lect.
540 2773 597 2848 Vl,
618 2776 646 2834 7.
666 2772 724 2832 vul
748 2817 755 2832 .
775 2774 911 2834 Vertren.
932 2773 1053 2854 Sciopp.

39 2881 79 2894 -
103 2853 184 2912 Ioor's
209 2853 269 2910 vr'sa
294 2874 352 2910 ara
372 2851 452 2911 Flor.
471 2851 565 2912 ann.
587 2851 660 2912 Cod.
681 2853 716 2910 Β.
763 2853 814 2914 dit.
835 2853 928 2934 princ.
947 2863 1053 2914 vetust.

37 2927 125 2990 Rhol.
146 2930 222 2991 Ven.
243 2931 324 2990 1.11.
345 2927 410 2991 Md.
429 2931 494 2992 Bes.
512 2931 600 2992 Paris.
621 2929 735 3013 Gryph.

4 3020 91 3108 adest]
112 3028 214 3086 idest
235 3025 328 3116 Havn.

2 3114 91 3182 diotre
110 3119 268 3204 oporteat]
290 3121 370 3182 Flor.
389 3122 482 3182 Havn.
501 3155 543 3170 —
563 3137 698 3198 oporteat
720 3123 816 3182 dicere
835 3120 935 3182 ceteri.

2 3215 96 3276 conon
115 3219 225 3302 auguri
244 3213 403 3299 imperare]
428 3218 541 3277 Victor.
562 3217 649 3301 Vulg.
670 3219 769 3278 Vertr.
790 3216 909 3298 Sciopp.
928 3247 968 3260 -
987 3239 1053 3277 con-

33 3297 85 3356 ad
108 3321 215 3379 augur
239 3299 385 3374 imperare
409 3296 539 3357 Florent.
558 3299 651 3357 Havn.
676 3297 753 3356 Edit.
773 3297 866 3377 princ.
886 3309 944 3357 vet.
964 3295 1053 3357 Rhol.

34 3373 109 3435 Vcn.
132 3379 159 3438 l.
181 3379 219 3436 11.
244 3409 283 3422 -
317 3378 431 3436 conscili
448 3399 545 3456 augur
563 3379 710 3446 imperare
730 3375 803 3435 cod.
825 3376 857 3434 B.
879 3375 946 3436 1111.
967 3375 1052 3437 111οἰ1.

32 3451 123 3516 Pen's.
148 3455 267 3537 Gryph.
286 3487 326 3512 -,-
346 3453 382 3514 cf.
402 3455 496 3514 Tum.
516 3456 551 3516 ad
572 3455 665 3517 Cicer.
686 3456 721 3516 de
742 3455 815 3538 legg.
839 3477 905 3538 pag.
925 3457 993 3516 647.

1 3557 27 3606 rt
44 3548 67 3609 is
87 3549 210 3630 licium]
232 3553 255 3610 F
258 3549 311 3611 lor.
330 3551 422 3611 Havn.
443 3549 532 3610 Rbol.
552 3581 592 3596 —-
613 3552 659 3609 his
678 3552 780 3610 liciam
799 3551 902 3611 Venet.
923 3552 944 3611 1.
965 3551 1001 3610 11.
1013 3581 1053 3596 -

30 3631 173 3691 inle'cium
194 3629 269 3690 Cod.
289 3631 323 3689 B.
344 3631 421 3690 Edit.
442 3629 533 3710 princ.
554 3629 746 3692 1010011111.
767 3631 831 3690 Bas.
851 3631 916 3691 Par.
938 3627 1054 3711 Gryph.

28 3707 152 3793 vulgat.
176 3709 276 3772 Verte.
296 3707 415 3791 Sciopp.

1 3803 90 3884 vocet]
113 3820 205 3866 nocet
224 3805 302 3865 Edit.
321 3803 412 3886 princ.
434 3816 492 3864 vet.

2 3917 47 3958 oon
72 3901 212 3982 adesset]
245 3901 325 3962 Flor.
344 3902 438 3960 Havn.
459 3899 537 3959 Edit.
557 3897 649 3981 princ.
671 3911 775 3961 vetust.
794 3898 883 3960 Rhol.
904 3897 1009 3960 Venet.
1031 3897 1055 3958 1.

28 3981 63 4038 11.
85 3981 163 4041 nist
187 3982 251 4041 Bas.
271 3979 359 4040 Paris.
380 3977 495 4060 Gryph.
515 4007 555 4024 -
574 3983 691 4039 adesset
712 3977 926 4040 11010111-
947 3981 1059 4038 abesset

26 4057 153 4146 vulgat.
179 4059 455 4141 1011110801000.

28 4175 68 4228 n.
87 4175 127 4228 r.
147 4175 239 4228 vam
744 4161 756 4230 t
781 4157 821 4222 18
843 4163 855 4230 l
