2628 4672
222 259 286 326 ass
565 257 935 342 troensxxrus.

226 435 349 508 dicium
376 434 420 506 od
442 458 583 533 aequum
606 435 862 522 existimabatnr3
903 437 950 508 ric
974 435 1196 532 despondisse
1217 437 1281 510 oni

226 567 319 612 mum
342 566 473 638 quoqne
498 541 630 626 dicitur,
652 555 689 612 nt
711 541 929 638 despondisse
952 540 1069 628 filiam,
1092 541 1184 638 qnod
1205 568 1281 614 snae
1306 573 1307 586 ι

226 646 354 741 spontis
384 663 539 717 statuerat
567 649 684 730 finem,
722 671 742 716 a
769 671 834 744 qna
863 645 990 742 Sponte
1020 647 1146 732 dicere,
1184 673 1283 744 quom

227 749 401 844 Spondere
425 777 556 848 qnoque
581 750 746 836 dixerunt,
783 777 856 820 curn
879 777 899 821 a
922 767 1056 847 sponte,
1088 750 1283 848 Responde-

226 871 316 940 rent,
353 854 388 924 id
417 872 468 926 est
489 857 532 924 ad
553 855 754 928 volontatem
775 857 967 952 rogationis.
1025 857 1139 952 Itaque
1161 857 1220 953 qui
1242 859 1283 928 ad
1306 887 1307 894 ¹

225 959 262 1032 id
286 960 375 1058 qnod
396 978 531 1055 rogator
553 986 620 1031 non
644 961 732 1046 dicit,
753 989 823 1034 non
837 960 1027 1058 respondet,
1048 978 1169 1032 utnon
1184 989 1283 1059 spon-

229 1065 287 1136 det
314 1065 385 1152 ille,
423 1065 531 1136 statim
555 1065 612 1160 qui
634 1066 728 1136 dixit:
765 1065 943 1164 Spondeo,
980 1066 1011 1135 si
1031 1066 1163 1138 iocandi
1184 1093 1307 1140 cansa*

229 1170 327 1252 dixit,
349 1195 457 1266 neque
480 1167 533 1260 ogi
555 1187 666 1264 potest
689 1199 764 1244 eum
788 1199 828 1244 eo
852 1199 890 1242 ex
913 1195 1049 1268 sponsu.
1091 1169 1205 1268 Itaque
1229 1173 1283 1268 qni

229 1274 305 1346 dixit
327 1274 362 1345 in
384 1273 553 1366 tragoedia

155 1395 216 1469 (59)
274 1377 484 1450 Memieu'stt'u’
506 1389 539 1447 te
561 1383 764 1471 despondere
785 1381 869 1452 mr‘lti
882 1394 1022 1476 gnatam
1043 1383 1161 1450 tumn?

230 1486 320 1582 qnod
344 1485 414 1555 sine
438 1501 556 1578 sponte
579 1509 642 1554 sun
664 1485 757 1571 dixit,
788 1512 860 1556 enm
884 1513 924 1558 eo
948 1512 1017 1556 non
1038 1501 1149 1582 potest
1170 1484 1226 1580 egi
1247 1513 1281 1556 ex

183 1609 369 1686 tleponsn.
427 1587 537 1658 Etiam
566 1587 651 1686 Spes
676 1615 696 1659 a
726 1606 844 1687 sponte
873 1607 984 1686 potest
1015 1616 1087 1662 esse
1111 1590 1281 1674 declinate,

228 1863 463 1952 existimabatur]
483 1870 701 1932 aestr'rrtabatur
719 1867 836 1954 Vuigtt
855 1899 895 1916 -·
915 1869 1095 1931 aestimabat
1115 1865 1252 1928 vestran.

229 1950 355 2010 animum
376 1947 511 2032 quoque]
543 1953 658 2010 arentur
678 1973 790 2026 quoque
809 1947 883 2012 Cod.
904 1947 938 2010 Β.
958 1948 1036 2009 Edit.
1054 1947 1148 2031 princ.
1167 1959 1227 2010 vet.
1245 1979 1280 1994 ·-

270 2031 401 2088 animum
420 2033 558 2107 quodque
572 2028 661 2089 Poris.
682 2027 797 2110 Gryph.
921 2043 929 2052 ”

229 2107 413 2190 despondisse
433 2105 536 2190 filiam]
558 2109 742 2182 disperdisse
752 2110 858 2188 filiam
877 2106 1021 2168 Rholend.
1056 2116 1062 2128 ’

228 2208 296 2325 suase
311 2187 437 2282 ‘spontis
467 2183 623 2280 statuerat]
656 2211 728 2248 suae
753 2189 856 2264 sparti
879 2200 1030 2278 statuerat
1052 2186 1135 2246 tuto.
1161 2185 1281 2246 Ursinus

230 2287 639 2428 quoidoippdrideidiridididpp.
659 2377 701 2392 ·-
721 2368 785 2406 cum
802 2347 946 2421 spondere
965 2343 1064 2408 ceteri.

229 2445 247 2484 a
266 2420 389 2506 sponte]
410 2428 456 2485 ad
472 2440 604 2502 spontem
624 2422 755 2485 Turneb.
775 2425 911 2487 Vertrsn.
933 2425 1051 2562 Stiopp.

228 2500 457 2642 responderent]
491 2504 622 2565 florent.
646 2535 686 2550 -
719 2508 944 2581 responderetur
967 2504 992 2562 E
1014 2503 1044 2564 it
1089 2501 1163 2564 rinc.
1181 2511 1281 2563 vetust.

299 2581 358 2643 hot.
385 2582 431 2642 Vn
468 2584 630 2644 .Vertran.
653 2584 722 2644 Scio
744 2606 773 2664 p.
792 2615 833 2630 -
850 2586 1056 2660 'respondetur
1105 2593 1183 2642 enet.
1203 2583 1226 2639 l.
1247 2581 1280 2638 ll.

269 2661 337 2722 ΑΜ.
358 2663 423 2722 Bas·
442 2605 506 2724 der.
527 2663 641 2746 Gryph.
661 2696 702 2709 —
721 2605 804 2724 βοή.
823 2685 888 2724 cnm
907 2687 927 2723 a
946 2676 1064 2738 sponte,
1090 2661 1281 2753 Respondete.

228 2739 265 2804 sd
291 2741 469 2803 voluntatem
496 2762 530 2803 ro
553 2739 674 2825 ationis]
705 2743 835 2804 Floreat.
863 2741 937 2804 cot
956 2741 991 2800 B.
1016 2740 1094 2800 Edit.
1113 2759 1206 2821 prrnc.
1226 2749 1281 2796 ret
1306 2739 1307 2808 Ῐ

269 2819 414 2881 Rholend.
434 2823 509 2882 Ven.
530 2765 552 2882 i.
572 2823 607 2882 11.
634 2853 675 2868 -
704 2825 750 2882 ad
775 2825 955 2884 eolurttrtera
978 2822 1114 2902 rogantis
1132 2818 1201 2882 Alo
1221 2818 1282 2876 Bes

269 2900 335 2962 Par.
356 2898 471 2983 Gryph.
491 2900 578 2984 Vulg.
599 2901 698 2962 Verte.
718 2901 787 2962 Scio
829 2946 837 2962 .

228 2979 326 3061 itaque
347 2979 396 3060 qui
416 2980 498 3041 adid
535 2983 640 3059 itaque
658 2983 704 3043 ad
721 2984 758 3042 id
801 2924 853 3042 dit.
873 2981 966 3064 princ.

228 3055 342 3200 stetimd]
361 3073 474 3120 statum
538 3081 587 3120 un.

228 3139 312 3202 ioenn
333 3163 342 3199 ι
363 3135 459 3218 causa]
480 3140 604 3200 iocandi
620 3162 725 3201 caussa
745 3139 833 3223 vulg.
854 3139 954 3202 Verte.
976 3138 1095 3222 Sciopp.

229 3215 417 3358 exupponsu]
452 3241 636 3358 epreponsum
659 3219 753 3280 Hsvn.
781 3241 826 3302 pr·
853 3241 892 3280 m.
911 3219 963 3282 sed
981 3218 1060 3280 delet
1078 3217 1169 3282 altera
1186 3233 1284 3276 manat

318 3317 397 3358 eram
457 3319 469 3357 s
517 3319 599 3359 nram.

228 3375 327 3470 itaque
348 3317 528 3456 qusspitavn.
547 3409 588 3426 -
608 3379 654 3440 e'ta
676 3378 808 3456 quisque&
827 3378 926 3440 ceteri.

230 3452 319 3536 dixit]
340 3456 433 3515 Horu.
454 3477 498 3536 pr.
517 3479 555 3517 nr.
575 3490 616 3504 -
637 3458 711 3518 dicit
732 3457 831 3518 reteri.

166 3575 171 3590 .
227 3534 262 3596 in
281 3532 444 3630 tragoedia]
466 3535 548 3598 Fert.
568 3538 600 3596 ιἰι
620 3538 779 3596 comoedia.

229 3610 429 3695 meministin']
450 3617 610 3676 merm'm'str'
627 3615 720 3676 Htvn.
739 3647 781 3664 -
799 3616 995 3678 mmiuritr'ne
1014 3615 1106 3678 ceteri
1125 3633 1235 3676 omnes.
1306 3603 1307 3624 ¹

228 3692 300 3754 mitri
319 3705 434 3778 gnatam
454 3690 551 3777 tuem]
580 3695 658 3755 mr'lu'
675 3707 823 3775 agnatum
842 3709 926 3756 tuam
945 3696 1078 3758 Floreat.
1096 3694 1173 3756 Edit.
1190 3691 1286 3774 prins.
1306 3763 1307 3782 1

269 3785 327 3834 vet.
347 3805 388 3818 —
406 3774 484 3834 milei
500 3795 532 3834 co
555 3789 661 3834 natam
680 3787 764 3834 tuam
783 3775 877 3838 Hera.

229 3866 291 3914 non
312 3863 410 3936 potest
428 3849 493 3934 agi]
514 3796 646 3916 tierent
676 3852 770 3914 Hero.
789 3885 830 3902 -
849 3856 907 3936 api
924 3876 981 3916 ran
997 3867 1098 3930 potest
1118 3850 1216 3916 ceteri.

231 3953 266 3992 ex
285 3951 393 4013 sponsu
430 3953 602 4008 exsparsum
622 3934 715 3994 Hero.

232 4010 317 4072 etiarn
338 4031 402 4092 spes
438 4034 502 4088 spes
523 4015 616 4074 etiarn
633 4011 729 4072 Ηιιιι.
