2714 4686
379 271 527 336 trualt*
546 271 768 338 DECIMUS.
1039 271 1100 336 653

31 443 165 537 Quare
191 447 331 544 proinde
359 473 399 520 ac
422 447 526 520 simile
548 446 688 520 conferri
710 471 781 518 uon.
801 461 930 544 opoetet
947 471 990 516 ac
1013 445 1099 518 dioe-

31 579 99 638 rc,
123 568 161 622 ut
182 553 225 623 sit
246 553 288 623 ab
310 551 419 624 Roma
442 553 624 633 Romanus,
647 553 695 624 uic
718 577 756 622 ex
779 549 894 648 Capua
917 550 980 620 dici
1004 567 1193 646 opor-(129)

33 673 117 728 tere
150 653 344 753 Capuanus,
384 657 530 753 quodie
553 656 788 728 consuetudine
811 656 1021 728 vehementer
1042 679 1099 724 na·

38 777 116 846 tat,
140 761 230 857 quod
253 761 454 832 declinantes
476 761 621 858 imperite
642 762 740 838 rebus
763 761 898 832 nomina
917 759 1101 854 imponunt,

36 890 64 934 a
98 865 219 962 quibua
249 890 322 938 cum
338 867 474 963 'accepit
495 865 718 945 consuetudo,
756 864 940 936 turbulenta
961 889 1099 934 necesse

38 986 101 1040 est
131 969 249 1040 dicere.
306 969 422 1065 Itaque
457 997 563 1068 ueque
597 969 802 1056 Aristarchii,
838 995 946 1066 neque
980 968 1034 1038 alii
1066 967 1100 1038 iu

37 1073 213 1170 analogiis
241 1073 481 1146 defendendam
510 1075 582 1146 eius
610 1091 824 1172 susceperuut
844 1097 993 1160 causam,
1031 1072 1101 1158 scd,

38 1195 86 1249 ut
117 1178 198 1265 diri,
235 1178 301 1250 lroc
329 1205 450 1274 genere
478 1179 653 1252 declinatio
682 1179 716 1250 iu
739 1177 904 1250 communi
926 1193 1102 1249 cousuetu-

41 1285 129 1354 dine
152 1283 324 1354 verborum
347 1299 496 1378 aegrotat
516 1300 549 1354 et
569 1282 757 1378 languescit,
779 1283 868 1380 quod
891 1283 992 1354 oritur
1009 1311 1026 1354 e
1041 1308 1101 1378 po·

40 1387 122 1486 poli
144 1387 308 1484 multiplici
323 1387 475 1483 imperim
496 1389 605 1483 itaque
621 1389 656 1459 iu
671 1389 735 1460 hoc
748 1413 867 1480 genere
882 1387 918 1458 in
932 1387 1100 1484 loquendo

43 1493 160 1587 magio
189 1491 367 1578 anomalia,
405 1515 502 1588 quam
530 1493 694 1588 analogia.
752 1491 868 1562 Tertia
897 1491 1010 1562 divisio
1042 1509 1102 1578 eet,

45 1621 139 1696 quae
166 1597 273 1702 ⁴*rerba
311 1594 452 1668 declinat
484 1621 504 1668 a
531 1614 661 1668 naturae
699 1621 739 1668 ea
766 1597 916 1666 dividitur
943 1595 978 1668 iu
996 1595 1101 1694 partia

45 1831 182 1896 conferri
199 1852 261 1894 nott
281 1827 414 1913 oportet]
436 1833 570 1911 cansam
588 1855 645 1893 nan
665 1845 779 1908 oportet
799 1829 916 1892 coniicit
928 1829 1017 1892 Henr.
1034 1829 1102 1892 Ste-

91 1911 180 1995 phon.
199 1907 333 1993 Appeud.
358 1931 423 1994 pag.
442 1911 496 1982 433
528 1909 631 1972 ibidem
653 1911 789 1994 Stephon.
812 1921 842 1972 et
860 1931 926 2007 ρας.
945 1901 989 1972 δί
1004 1910 1102 1973 decere

93 1990 229 2072 quaedam
254 2001 364 2052 censet:
398 2013 491 2067 quare
509 1987 614 2068 Capua
632 2013 696 2052 cum
715 1992 808 2052 Rama
827 2013 865 2052 aa
882 1991 980 2050 aeneide
997 1989 1045 2054 vel
1064 1989 1103 2050 ei-

90 2069 160 2132 rnile
179 2069 248 2152 quid
267 2068 353 2131 luitee
372 2069 541 2131 exutimana.

47 2174 88 2238 ab
108 2166 220 2257 Roma]
239 2171 319 2234 Flor.
338 2205 379 2220 -
398 2175 437 2233 ab
456 2157 549 2234 llavn'.
568 2205 609 2220 -
628 2194 650 2232 a
668 2173 762 2234 Rama
782 2145 880 2236 ceteri.

48 2273 208 2360 oportere]
228 2296 284 2337 om.
305 2274 383 2336 Edit
403 2274 494 2357 princ.
512 2286 618 2338 vetust-

49 2375 214 2462 mpuanus]
234 2401 392 2458 tepeamus
410 2379 502 2440 llaru.

50 2479 152 2566 natat]
177 2495 261 2542 natat
279 2481 374 2542 Haen.
393 2514 433 2527 —
452 2494 541 2576 nuta(
560 2479 678 2568 Vulgat.
696 2480 842 2546 Vertraus
853 2515 894 2530 -
912 2483 1059 2567 aegrotas
1070 2483 1101 2544 in

92 2583 183 2646 marg.
202 2561 301 2623 Verte.
319 2593 360 2608 -
378 2573 473 2620 mutat
488 2559 611 2650 'Seiopa

50 2661 242 2743 declinantes]
263 2661 340 2724 delet
360 2659 496 2744 Stephon.
515 2661 650 2745 Append.
669 2684 733 2750 pag.
755 2663 823 2727 783.

49 2763 180 2850 accepit]
198 2766 308 2843 uacauit
326 2765 420 2827 Havn.
800 2811 804 2820 .

50 2891 148 2950 neque
167 2865 351 2948 Aristarchii]
371 2868 451 2929 Flor.
471 2869 564 2928 Haun.
584 2867 638 2928 Ed.
658 2869 749 2951 princ.
768 2882 826 2930 vet.
845 2870 934 2931 Rhol.
954 2872 1059 2932 Vener.
1079 2874 1091 2931 l

94 2953 131 3012 ll.
148 2982 188 2995 —
208 2971 298 3026 neque
315 2949 509 3010 Aristarchus
527 2947 594 3008 Ald.
615 2948 678 3010 Bae.
699 2948 764 3010 Par.
785 2947 898 3033 Gryplr.
920 2951 1007 3036 Vulg.
1027 2952 1103 3012 Ver-

91 3043 166 3091 tran.
187 3027 304 3110 Sciopp.

51 3125 273 3210 defendendam]
295 3131 452 3210 defendam
470 3130 548 3192 Edit
568 3129 660 3213 princ.
680 3142 784 3195 retest

51 3232 129 3313 eius]
148 3235 229 3294 cua'ua
246 3235 341 3296 Havn.

51 3351 90 3401 ue
107 3334 179 3420 arar]
200 3351 233 3396 u
254 3319 399 3398 roraret
415 3337 507 3398 nave.

52 3455 86 3508 et
104 3437 273 3524 languescit]
294 3461 351 3500 om.
371 3439 501 3500 Floreat.
521 3439 615 3503 Hauu.

53 3541 204 3627 opopuli]
239 3542 357 3628 vulgat.
381 3543 513 3606 Vertran.
533 3545 652 3628 Sciopp.
671 3577 712 3592 —
741 3547 883 3627 apapqu
904 3557 1016 3611 veteres
1036 3545 1104 3610 libri

94 3645 201 3686 omues.

52 3725 189 3810 imperio]
210 3728 346 3805 imperita
364 3727 457 3790 Have.

54 3828 176 3892 declinat
194 3828 226 3910 a]
247 3831 401 3891 declinata
419 3832 512 3892 Havn.
531 3829 586 3892 Ed.
606 3831 698 3913 princ.
717 3843 774 3892 vet
794 3830 882 3893 erol.

54 3935 86 3995 in
106 3927 191 4028 pariis
227 3931 307 3995 Flor.
327 3933 517 4018 Edit-‚prinu
538 3948 596 3997 vet.
617 3933 704 3995 Rhol.
724 3935 798 3996 Veu.
819 3937 842 3996 l.
862 3937 900 3996 ll.
920 3969 960 3986 -
980 3937 1012 3996 iu
1028 3959 1102 4013 par-

95 4027 146 4073 uu
165 4011 230 4074 nd.
250 4014 314 4076 Bas.
332 4013 421 4076 Paris.
441 4013 555 4098 Gryplr.
575 4013 663 4098 Vulg.
684 4015 782 4096 Verte.
802 4016 922 4098 Sciopp.
