2732 4686
395 331 400 344 ·
436 295 577 360 Lllttttt
602 295 778 366 NONUS.
1075 297 1136 362 169

65 471 205 544 indices
234 489 436 569 repugnant,
473 500 517 544 ne
537 473 725 546 restituatur
744 474 880 546 verbum
903 471 992 569 quod
1012 496 1134 542 novum

68 579 259 666 eet-ratione
282 576 510 665 introductum,
533 605 599 676 quo
621 581 729 652 miuus
749 595 786 651 ut
807 577 1011 674 recipiamus,
1033 577 1133 648 vitare

67 707 149 752 non
172 682 340 754 debemus.

169 789 223 860 14.
269 783 356 856 Nam
380 788 423 858 ad
445 787 599 858 usumin
622 787 839 874 vestimentis,
875 785 1044 869 aedificiis,
1081 811 1133 856 su·

68 890 244 986 pellectili‚
266 891 400 962 novitati
422 916 491 960 non
513 889 648 986 impedit
667 908 760 962 vetus
783 891 998 962 cousuetudo.
1022 888 1135 981 Quom

72 995 169 1066 euim
197 1021 292 1072 amor
319 994 539 1066 assuetudiuis
567 996 676 1090 potius
705 997 741 1066 in
761 995 880 1092 pannis
903 1020 1133 1091 possessorem

69 1099 214 1183 retinet,
237 1125 336 1196 quarn
359 1101 401 1170 ad
424 1125 511 1170 nova
534 1100 726 1170 vestimenta
748 1100 906 1171 traducit?

117 1309 139 1378 d
169 1215 223 1278 15.
281 1205 336 1274 Au
365 1229 433 1274 non
457 1227 557 1300 saepe
580 1220 705 1276 veteres
726 1203 822 1300 leges
839 1205 1019 1300 abrogatae
1039 1206 1133 1276 novis

71 1335 115 1380 co
143 1311 219 1380 unt?

169 1424 220 1492 16.
280 1410 400 1484 Nonne
427 1414 590 1486 inusitatis
620 1412 733 1486 formis
762 1439 915 1486 vasorum
948 1415 1132 1525 recentibus
1144 1421 1222 1494 (1⁰⁵)

73 1705 115 1746 ne
136 1682 320 1762 restituatur]
351 1708 402 1745 nee
421 1685 600 1745 restituatur
618 1681 687 1745 Ald.
707 1683 772 1746 Bas.
791 1682 880 1746 Paris.
902 1683 1018 1768 Gryph.
1036 1671 1079 1733 ¹-
1096 1710 1133 1747 ne

117 1765 312 1825 restituantur
330 1765 423 1825 Havn.

72 1841 210 1918 verbum,
230 1841 308 1923 quod
328 1839 451 1922 novom]
472 1841 603 1902 Florent.
622 1841 716 1902 Havn.
731 1840 820 1902 Rhol.
840 1844 944 1906 venet
964 1846 986 1905 1.
1006 1845 1043 1904 ll.
1062 1842 1131 1905 Ald.

116 1923 183 1982 Bas.
201 1921 267 1982 Par.
288 1909 404 2004 Gr‘yph.
423 1955 464 1970 -
484 1924 597 1982 verbum
615 1943 717 1981 novum
735 1922 834 1984 celeri.
1005 1982 1009 1990 ,

73 2023 139 2084 quo
165 2001 258 2062 minus
277 2012 312 2062 ut
330 1997 516 2097 recipiamus]
551 2023 608 2078 quo
627 2002 724 2060 minus
742 2003 917 2080 recipiamus
936 2001 1071 2064 Vertrau.
1091 2035 1131 2052 -··

118 2083 200 2156 quod
217 2103 274 2158 quo
294 2083 389 2142 minus
407 2083 584 2161 recipiamus
603 2079 722 2162 Sciopp.

73 2161 168 2225 vitare
187 2157 264 2239 nou]
285 2162 386 2222 iuuare
405 2184 457 2222 nos
474 2159 553 2222 Edit.
572 2157 664 2241 princ.
683 2170 742 2221 vet.

489 2314 599 2397 Cap.
639 2315 736 2374 1111.Α

74 2441 252 2505 vestimentis
291 2443 479 2512 vestimenter's
496 2440 555 2501 vul
578 2485 585 2500 .

73 2520 248 2662 supellectili
293 2520 380 2604 Vulg.
399 2521 499 2618 Verte.
520 2521 639 2603 Sciopp.
659 2541 694 2580 cx
716 2519 788 2582 cod.
808 2519 843 2581 B.
883 2520 914 2581 ui
931 2523 1137 2598 suppellectili

139 2599 213 2662 abet.
233 2633 274 2647 —
302 2602 462 2675 suppelecte
481 2601 576 2660 llavn.
595 2633 636 2646 -
660 2601 854 2675 supellectelrs
902 2599 961 2660 hol.
982 2603 1085 2663 Venet.
1106 2605 1129 2663 l.

116 2681 154 2740 ll.
174 2679 244 2741 Alo.
262 2679 348 2740 Basil.
366 2679 454 2740 Paris.
475 2678 606 2761 Gryph„
626 2690 656 2738 et
675 2677 820 2761 duplicip
840 2678 920 2740 Flor.
940 2681 1019 2743 Edit.
1038 2682 1129 2764 priuc.

72 2770 220 2978 imvpiililj
232 2840 272 2898 im
293 2838 377 2898 edr'at
396 2836 473 2898 Edit.
495 2837 587 2920 princ.
606 2849 663 2898 vet.
784 2812 785 2816 ¹

73 2930 188 2980 assuetu
210 2861 505 3000 inissadsuetudtmt
523 2915 612 3000 Vulg.
632 2915 731 2976 Verte.
752 2915 870 3000 Sciopp.

74 2996 193 3082 pannis]
211 2998 337 3074 punnee's
356 2994 442 3080 Vulg.

73 3078 187 3140 retinet
205 3097 288 3216 Ἥκω
337 3073 468 3136 Floreut.
488 3073 575 3158 Vulg.
596 3074 697 3136 Verte.
719 3074 787 3135 Scio
830 3107 899 3134 .·-
917 3077 1024 3138 retinet
1046 3099 1128 3156 quem
1182 3078 1188 3089 ‘

118 3154 193 3218 Cod.
298 3177 362 3214 avo.
382 3154 460 3215 Edit
480 3155 573 3236 princ.
594 3164 651 3216 vet
671 3151 762 3215 Rhol.
812 3165 887 3216 enee.
907 3156 929 3216 l.
950 3157 984 3216 ll.
999 3188 1040 3202 -
1058 3159 1129 3217 retr*-

118 3251 167 3300 net
185 3259 262 3316 quae
281 3233 348 3294 Ald.
369 3235 433 3295 Bas.
453 3234 541 3295 Paris.
560 3232 676 3316 Gryph.

491 3388 600 3474 Cap.
650 3387 717 3448 XV.

76 3518 176 3660 spepe]
201 3541 314 3658 σημεῖ
332 3515 406 3580 cod.
425 3516 520 3658 {d}-
541 3530 647 3610 veteres
664 3519 744 3600 leges
760 3539 847 3594 saepe
865 3513 958 3578 llavn.

76 3597 293 3760 ἓοᾟὲῐᾞιε
307 3619 416 3814 pppis
481 3619 491 3684 r
532 3615 624 3677 pune.
645 3609 703 3660 vet.

77 3753 203 3839 cedunt]
222 3759 349 3818 caedunt
398 3764 474 3816 eust.
494 3753 517 3813 l.
538 3755 574 3814 ll.

488 3903 597 3990 Cap.
637 3909 717 3969 XVI.

78 4039 220 4104 inusitatis
239 4035 354 4121 formis]
376 4038 543 4100 iuusr'tutes's
553 4037 684 4118 sermeis
702 4035 789 4120 Vulg.
