2628 4672
221 263 305 336 nto
588 265 730 332 ciuus
755 249 953 366 sexsus.
1015 269 1018 295 ·

136 438 148 459 ’
244 467 308 540 que
330 440 537 518 commutetis
559 441 649 514 eliud
667 459 769 543 ¹utque
791 441 879 514 uliud
899 441 953 533 Εἰς
974 441 1186 514 etenim...
1201 439 1284 512 cessit

171 564 278 638 (om-et
298 545 466 632 Recessit,
489 547 537 620 sic
558 549 711 620 Accessit
732 565 765 619 et
786 547 972 632 Abscescits
1004 545 1084 616 ite·
1104 545 1244 618 lucessit
1262 563 1286 616 et

195 651 406 738 oussxcessit,
440 652 488 726 sic
511 651 680 726 Successit
702 669 735 723 et
755 651 922 738 Decessit,
945 649 1123 723 Concessit
1144 667 1177 722 et
1197 651 1284 722 Prae

243 758 355 828 cessit.
413 752 518 847 Quod
547 758 576 828 si
603 757 685 832 haec
715 755 831 828 decem
858 757 933 828 sola
959 756 1149 855 praeverbia
1178 775 1284 842 esseut,

242 863 400 962 quonium
427 861 469 934 ab
492 888 560 934 uno
582 861 682 934 verbo
707 861 964 934 declinationum
985 862 1165 960 quingenta
1186 862 1285 932 diceri

238 967 332 1041 mina
354 969 486 1054 fierent,
509 967 560 1040 his
583 966 826 1062 decemplicotis
850 967 1024 1040 coniuncto
1045 967 1235 1062 prneverbio
1256 993 1285 1038 ex

241 1099 310 1144 uuo
334 1073 478 1171 quinque
500 1071 602 1146 mittis
623 1099 760 1144 numero
777 1071 962 1161 efficerent;
986 1099 1024 1144 ex
1038 1071 1129 1144 mille
1146 1071 1189 1142 ud
1204 1072 1284 1170 quin

217 1265 220 1274 Ἰ
242 1178 379 1278 quagies
402 1195 533 1251 centum
555 1177 657 1249 mittis
678 1177 867 1250 discrimina
888 1176 958 1248 fieri
978 1193 1131 1274 possunt.
1172 1177 1284 1250 Domo·

241 1393 344 1460 stdtsts
363 1405 450 1478 etque
469 1391 667 1478 commutatis]
694 1395 831 1460 addisco
849 1408 941 1474 atque
958 1397 1161 1458 eommutateis
1178 1395 1282 1480 vulget

236 1474 318 1548 ⁸aliud
337 1474 385 1557 tit]
406 1477 467 1538 alit
477 1479 520 1616 pt
539 1475 632 1539 Havu

240 1555 317 1618 euim
338 1549 440 1637 cessit]
460 1555 480 1616 li
501 1555 527 1616 ri
548 1575 657 1617 omnes.
670 1587 712 1604 ·-·
730 1555 808 1618 emis
823 1555 966 1632 processit
986 1553 1162 1620 Frituschius
1181 1555 1283 1617 amicus
1304 1581 1305 1636 i

240 1646 273 1696 et
291 1633 422 1716 recessit]
443 1635 467 1696 F
468 1634 574 1696 los-eut.
595 1635 689 1696 Ham.
708 1667 749 1681 -
769 1648 861 1712 atque
879 1633 996 1695 recessit
1014 1634 1113 1696 ceteri.

239 1713 281 1776 sic
300 1715 474 1777 accessit...
494 1713 648 1796 praecessit
685 1734 743 1775 om.
762 1713 817 1774 Ed.
837 1713 929 1794 princ.
949 1725 1006 1775 vet.

239 1791 374 1877 accessit]
404 1793 536 1856 Florent.
555 1792 623 1854 Ald.
686 1801 708 1854 s.
728 1793 793 1854 Pur.
814 1791 929 1876 Gryph.
950 1792 1037 1878 Vulg.
1058 1793 1160 1856 Vertr.
1178 1825 1219 1841 -·
1235 1796 1283 1856 cd·

280 1877 364 1936 cessit
386 1873 488 1936 codex
507 1874 542 1933 B.
562 1872 651 1935 Ithot
671 1874 776 1934 Venet.
797 1873 819 1934 1.
839 1873 874 1933 11.
896 1872 1015 1958 Sciopp.

239 1951 281 2016 sic
299 1953 434 2016 successit
473 1953 561 2016 etsie
580 1955 716 2014 successit
737 1951 811 2014 Cod.
832 1953 867 2013 B.

238 2030 398 2117 concessit]
423 1947 554 2095 Fiorent
576 2031 649 2094 Cod.
669 2033 704 2094 n
724 2031 812 2092 Rhol.
831 2031 937 2094 Venet.
958 2033 980 2093 1.
1001 2031 1038 2094 11.
1056 2029 1126 2096 Ald.
1145 2032 1207 2096 Bes
1225 2031 1283 2094 Par.

279 2111 397 2195 Gryph.
415 2145 456 2160 -
488 2127 517 2174 et
537 2113 676 2175 concessit
696 2111 813 2196 Vulgat
833 2145 874 2160 -
907 2126 936 2174 et
955 2113 1089 2174 discessit
1108 2127 1138 2174 et
1156 2115 1284 2176 concessit

277 2191 415 2255 Vertran.
434 2191 503 2254 Scio
523 2213 554 2274 p.

238 2268 475 2412 “dissidiis
503 2269 616 2412 iiiii·
630 2268 1056 2413 sviiffliuviiiiii'riiiipii
1074 2287 1283 2434 {ui-{mii

278 2429 411 2494 Floreut.
431 2431 525 2494 Htvu.
544 2430 624 2492 Edit
644 2429 737 2513 princ.
756 2441 815 2493 vet.
1058 2374 1092 2435 ry

238 2507 310 2572 brec
328 2505 458 2650 decem]¹
466 2512 539 2571 haee
556 2511 591 2571 X
607 2509 683 2573 cod.
701 2511 738 2570 B.

238 2589 300 2652 sola
319 2609 441 2672 praeter
461 2587 501 2670 io]
522 2589 654 2652 Florent-
673 2622 714 2636 -
732 2591 829 2650 solum
843 2591 1019 2667 praeteriise
1040 2589 1141 2652 ceteri.

238 2667 478 2750 declinationum]
511 2669 649 2730 Floreut.¹
663 2669 757 2730 Hecu.
780 2667 869 2730 uhot.
889 2669 995 2730 chet
1015 2671 1038 2729 1.
1058 2671 1096 2729 11.
1122 2669 1188 2730 Ald.
1207 2666 1285 2730 Brsss.

277 2749 344 2811 Psr'.
364 2747 480 2831 Gryph.
499 2781 540 2796 ·-
573 2751 773 2810 decimatione
792 2747 868 2810 Cod.
888 2748 924 2809 Β.
944 2747 1034 2834 Vulg.
1054 2749 1154 2811 Veru.
1175 2751 1285 2830 Su'opp.

276 2859 319 2878 ·-
339 2829 584 2890 decimationum
602 2827 681 2890 Edit
700 2828 792 2912 princ.
811 2840 870 2890 vet.

237 2905 357 2989 fierent]
369 2909 448 2988 fieri
459 2923 583 2986 possunt
603 2909 713 2982 Ham.;
734 2908 838 2970 desunt
857 2926 961 2990 nempe
975 2907 1069 2970 omnia
1084 2929 1157 2992 quae
1170 2927 1287 2989 sequun-
1304 2919 1305 2980 t

277 3000 328 3048 tur
347 3009 437 3070 usquc
457 2987 492 3048 cd
510 2987 704 3050 Democritus.

235 3065 394 3208 ¹lpp'fflieis
413 3067 488 3131 cod.
509 3068 544 3128 B.
563 3100 604 3115 -
623 3069 688 3130 heis
706 3065 824 3151 Vuiget.
843 3066 942 3129 cadem
963 3080 993 3129 et
1013 3069 1250 3144 decemplicateis.
1304 3109 1305 3124 i

268 3147 276 3162 '
300 3146 340 3228 ]
373 3149 462 3208 milia
486 3147 618 3208 Floreut.
642 3147 720 3209 Edit.
740 3149 833 3229 princ·
853 3158 959 3210 vetust.
978 3145 1067 3208 Rhot.
1088 3147 1195 3210 Venet.
1213 3150 1233 3207 1.
1252 3129 1305 3216 IL]

275 3258 316 3274 -
336 3227 427 3289 sicet
467 3238 547 3289 ostes
566 3227 651 3289 fidem
672 3226 747 3288 libri.
1304 3241 1305 3296 t

236 3303 402 3386 efficerent]
423 3250 609 3402 efficerentur
627 3306 694 3368 Ald.
716 3307 780 3367 Bas.
799 3305 864 3367 Par.
885 3303 1000 3445 Grypo.
1304 3299 1305 3386 i

235 3383 272 3446 ud
298 3384 424 3467 quinqua
457 3382 504 3469 es]
538 3387 670 3448 florent
691 3387 785 3450 flam.
807 3386 881 3448 Cod.
901 3387 936 3446 B.
970 3385 1056 3448 'ditio
1077 3387 1172 3470 princ.
1190 3391 1305 3450 sensti

276 3463 394 3550 Vulgat.
443 3478 514 3527 ertr.
535 3466 654 3550 Sciopp.
676 3499 718 3513 —
751 3469 798 3528 ad
815 3485 872 3528 our.
892 3465 981 3528 Rhot.
1002 3467 1108 3529 Venet.
1129 3469 1151 3529 1.
1172 3468 1208 3528 IL
1223 3463 1291 3524 tlt

275 3543 340 3606 Bas.
360 3543 450 3606 Paris.
470 3544 585 3628 Gryph.
1304 3561 1305 3622 ᾗ

235 3620 416 3706 discrimina]
437 3644 546 3686 omues.
565 3658 606 3671 -
626 3627 828 3686 discriminum
847 3623 1001 3708 Augustiu.
1022 3625 1053 3686 in
1074 3625 1210 3710 margine.

235 3703 437 3780 Democritus,
457 3706 600 3788 Epicurus
620 3705 690 3766 item
709 3704 772 3784 alii]
800 3705 848 3765 Sic
868 3705 1031 3766 emendavit
1050 3705 1219 3780 Turnebus,
1238 3723 1305 3772 σιμ,

275 3785 319 3846 ius
339 3784 430 3845 codex
450 3797 546 3847 vetus:
564 3809 681 3845 securus
700 3798 731 3846 ct
750 3785 789 3846 ita
809 3785 902 3847 Havu.
918 3819 958 3830 -
977 3785 1164 3846 Democritus
1180 3773 1305 3858 secutus]

275 3865 345 3924 item
361 3864 424 3924 atii
442 3863 574 3926 Florent.
594 3895 635 3910 -
653 3867 838 3927 Democritus
856 3877 971 3924 secutus
990 3865 1107 3924 etitem
1125 3865 1189 3925 clii
1202 3859 1305 3921 lttott

275 3943 375 4004 Verte.
394 3975 436 3994 -··
467 3945 653 4005 Democritus
671 3959 839 4022 secutusque
857 3946 929 4004 item
947 3945 1011 4004 alti
1028 3945 1132 4006 Venet.
1154 3947 1176 4004 l.
1194 3945 1230 4002 lt.
1251 3971 1305 3992 -z

275 4022 463 4086 Democritus
480 4027 629 4104 secutique
647 4027 719 4087 item
738 4025 801 4088 ulii
817 4023 885 4086 Alo
905 4022 989 4086 Bestt
1009 4024 1098 4088 Paris.
1118 4021 1230 4106 Gryph.
1250 4025 1305 4094 -{
