2640 4670
239 309 309 376 1³2*
570 307 718 373 trualt
737 307 966 386 QUINTUS.

240 487 379 559 marium
402 499 435 558 at
457 471 755 560 Amanientarium
777 488 819 560 ab
836 485 952 558 eadem
968 485 1104 580 origine,
1126 486 1188 559 sed
1203 487 1299 558 decli·

239 607 319 663 nata
341 591 446 662 aliter.

322 705 385 775 29.
435 695 584 767 Mundus
606 697 773 768 muliebris
796 696 903 767 dictus
927 719 947 764 a
968 695 1140 767 munditia.
1189 693 1301 766 Orna-

241 817 295 873 tus
325 800 420 899 quasi
448 802 491 872 ab
518 827 576 872 ore
606 817 721 886 uatus3
758 802 836 872 hinc
872 799 959 870 enim
992 801 1130 872 maxime
1164 803 1303 872 sumitur

241 906 333 1002 quod
370 930 444 976 eam
479 905 603 976 deceat.
663 907 778 1002 ltaque
812 907 856 977 ob
889 905 924 974 id
958 921 1091 999 paratur
1120 905 1302 1001 speculum.

242 1007 474 1081 calamistrum
497 1011 588 1108 quod
610 1010 660 1080 his
685 1011 831 1082 callactis
853 1009 888 1079 iu
912 1009 1020 1079 cincre
1043 1009 1179 1106 capillus
1202 1035 1302 1079 urna-

243 1131 306 1186 tur.
346 1111 417 1204 Qui
440 1138 480 1185 ea
501 1114 706 1186 ministrabat
727 1141 747 1186 a
768 1117 880 1186 cinere
902 1111 1092 1184 Cinerarius
1116 1131 1167 1184 cst
1187 1114 1302 1210 appel-

240 1217 339 1292 latus.
381 1217 643 1288 Discamiculum
666 1246 732 1317 quo
756 1219 952 1291 discernitur
974 1219 1122 1314 capillus.
1172 1217 1303 1288 Pccteu

242 1324 334 1423 quod
359 1349 419 1422 per
447 1349 523 1396 cum
552 1324 730 1422 explicatur
758 1325 904 1422 capillus.
962 1321 1142 1420 Speculum
1169 1347 1190 1392 a
1224 1347 1303 1418 spe-

242 1625 507 1710 armamentarium]
527 1643 743 1692 ammentum
761 1627 919 1716 Angustia.
938 1647 1028 1714 marg.
1048 1647 1082 1690 οι
1102 1625 1192 1730 libro.

241 1721 400 1810 deducta]
421 1727 570 1804 dachitatc'
587 1725 662 1790 cod.
680 1725 716 1788 B.

628 1909 742 1996 Cap.
802 1911 913 1973 XXIX.

239 2035 404 2120 muliebris]
423 2040 559 2102 mulieris
576 2037 695 2121 Sciopp.

237 2146 361 2198 umatus
387 2136 467 2215 quasi
492 2133 527 2196 ab
554 2157 607 2198 ore
631 2131 733 2217 natus]
765 2155 825 2196 om.
844 2135 965 2218 Sciopp.
982 2166 1024 2180 -
1056 2146 1183 2196 ornatus
1202 2135 1307 2196 dictus

281 2215 371 2293 quasi
388 2237 438 2274 ora
458 2230 547 2275 natur
566 2215 660 2276 Havn.

240 2315 309 2378 hiuc
329 2313 420 2396 enim]
442 2319 490 2380 hic
509 2320 586 2380 enim
604 2316 679 2379 Act.
699 2317 809 2380 Statius
828 2316 863 2379 ad
884 2314 991 2380 catull.
1009 2314 1094 2394 LXI,
1114 2315 1187 2378 138.

238 2409 320 2494 mm]
341 2435 378 2472 ea
397 2412 493 2476 Havu.

239 2497 357 2590 deccat]
376 2509 421 2569 al.
443 2511 547 2569 doceat
564 2509 683 2593 Sciopp.
702 2529 791 2594 marg.

238 2601 294 2682 ab]
315 2623 372 2666 ouu
393 2603 473 2664 Flor.
494 2605 588 2666 Havu.

238 2697 445 2780 calamistrum]
466 2703 640 2762 calamistri
657 2700 732 2764 cod.
752 2702 788 2762 B.
807 2697 897 2784 Vulg.
917 2702 1017 2762 Vertr.
1036 2699 1157 2782 Sciopp.

237 2787 307 2931 hira
326 2792 457 2857 Floreut.
476 2795 555 2857 Edit
574 2797 667 2892 priua.
685 2809 744 2860 ret.
763 2798 863 2858 Vertr.
883 2797 1002 2880 Sciopp.
1022 2828 1063 2843 -
1083 2797 1147 2856 heis
1168 2793 1256 2857 cod.
1278 2797 1313 2860 R

307 2871 396 2957 algut.
414 2909 455 2922 -
475 2896 532 2936 om.
553 2889 644 2939 cetera
661 2899 726 2938 cum
745 2879 839 2938 Huvn.

237 2975 379 3056 callactis]
412 2978 543 3040 Floreut.
565 3013 605 3027 -
624 2982 782 3058 calefacta}
802 2979 902 3042 Codex
922 2980 957 3042 B.
976 2979 1054 3042 Edit.
1074 2979 1170 3061 princ.
1191 2971 1317 3044 vetusti

278 3057 414 3118 Vertran.
435 3059 555 3199 Sciopp.
575 3092 616 3106 -
635 3062 809 3139 calefacteis
828 3059 948 3146 vulgat.
960 3095 1000 3106 —-
1020 3060 1189 3139 calfactum
1214 3061 1316 3126 Rhol.

277 3134 383 3198 venet.
400 3139 425 3197 1.
450 3138 485 3199 ll.
507 3139 573 3201 Ad.
593 3139 657 3202 Bas.
677 3138 746 3202 Pars
762 3139 878 3223 Gryph.
896 3171 938 3188 -·
961 3141 1142 3222 calafurram
1162 3139 1278 3205 flava,

237 3249 255 3291 a
274 3227 388 3314 cinere]
409 3235 448 3292 ab
467 3235 563 3295 cinere
583 3234 657 3297 cod.
676 3233 711 3294 B.

237 3323 418 3409 cinerarius]
433 3329 584 3391 cineratus
602 3328 682 3390 Edit.
700 3329 792 3410 princ.
811 3341 870 3394 vet

236 3417 297 3498 est]
317 3439 375 3481 om.
394 3421 489 3483 Earn.

235 3511 473 3599 discerniculum]
494 3519 704 3582 dr'scemiculus
721 3519 796 3584 Coti
806 3522 841 3584 B.

237 3605 314 3692 quo]
335 3613 417 3686 quod
432 3613 526 3676 llam.

235 3725 291 3788 per
310 3703 392 3787 eum]
408 3723 525 3785 portum
543 3703 618 3771 cod.
638 3711 674 3774 B.

235 3798 371 3885 capillus]
392 3805 521 3882 capa'leor
539 3805 633 3868 Ham.
1224 3841 1229 3846 ·

234 3895 405 3978 spaciendo]
440 3898 514 3961 Cod.
534 3901 567 3962 Β.
593 3901 672 3962 Edit.
690 3901 783 3984 princ.
803 3915 862 3966 vet.
882 3904 930 3966 Vu
963 3952 970 3967 .
990 3905 1091 3968 Vertr.
1110 3906 1194 3972 Scio
1256 3963 1267 3978 .

272 3977 422 4141 Eugippda
446 3979 577 4043 Floreat.
597 3981 691 4045 turn.
715 3981 806 4046 Rhol.
825 3903 976 4050 vaetll.
996 3989 1034 4050 11.
1053 3985 1121 4050 Ald.
1141 3935 1312 4203 ΒιὲΡἻ
