2722 4676
244 297 288 366 fl
576 295 723 360 ttnttn
741 293 969 374 QUINTUS.

248 489 302 548 tur
321 487 501 571 autequam
523 473 760 570 conciperetur,
798 473 926 570 quires
947 475 1149 568 repeterent,
1189 488 1222 543 et
1244 499 1305 568 per

246 579 310 651 ltus
333 579 431 650 etiam
451 605 541 650 nuuc
562 579 599 649 fit
627 579 746 652 foedus
775 577 867 675 quod
894 575 998 648 Fidus
1025 593 1162 649 ttttttus
1192 579 1306 648 scribit

246 683 380 756 dicum.

334 795 391 864 16.
447 788 488 858 Iu
523 815 562 860 re
596 785 726 859 militari
757 787 899 857 Praetor
932 786 1039 858 dictus
1074 787 1130 884 qui
1163 786 1307 882 praeiret

246 892 411 965 exercitui.
454 893 637 988 Imperator
658 893 700 963 ab
722 892 859 988 imperio
881 892 995 987 populi
1018 892 1075 988 qui
1098 917 1167 977 eos,
1190 893 1247 988 qui
1270 891 1307 960 id

245 1013 473 1083 attentassent,
496 997 662 1092 oppressit
682 997 808 1068 hostes.
829 995 949 1091 Legati
988 997 1043 1094 qui
1064 996 1140 1066 lecti
1161 997 1307 1091 publice,

246 1127 386 1201 quornm
409 1127 509 1197 opera
532 1101 736 1198 consilioque
758 1119 903 1172 uteretur
923 1129 1060 1197 peregre
1081 1103 1306 1196 magistratus,

250 1207 346 1305 quive
368 1206 474 1276 nuntii
497 1223 632 1277 senatus
654 1223 711 1276 aut
731 1206 847 1301 populi
870 1223 991 1276 essent
1018 1207 1187 1276 Exercitus
1211 1207 1306 1303 quod

198 1319 236 1376 w
249 1311 455 1384 exercitando
477 1311 513 1380 lit
534 1311 660 1382 melior.
710 1309 816 1406 Legio
840 1311 931 1408 quod
952 1311 1106 1408 leguntur
1126 1311 1245 1381 milites
1268 1311 1306 1381 in

248 1417 388 1488 delectu.
446 1413 578 1488 Cohors
618 1416 709 1512 qnod
734 1433 772 1486 ut
797 1415 833 1486 iu
861 1416 939 1486 villa
966 1415 1178 1512 expluribus
1206 1417 1304 1487 tectis

247 1521 455 1617 coniungitur
476 1547 517 1592 ac
538 1521 695 1620 quiddam
715 1522 752 1591 fit
773 1547 891 1606 unum,
925 1519 972 1588 sic
992 1520 1044 1591 his
1067 1547 1107 1592 ex
1126 1521 1305 1617 manipulis

246 1626 393 1726 pluribus
428 1625 600 1725 copulatur
632 1625 769 1714 cohors,
806 1651 891 1722 quae
919 1625 955 1696 iu
982 1625 1060 1698 villa
1092 1627 1184 1724 qnod
1217 1627 1307 1698 circa

245 1901 468 2004 conspersae]
487 1919 620 2010 rurae
640 1921 735 1984 uam.
750 1919 826 1983 coa.
837 1921 873 1982 n.
893 1920 982 2008 vulg.
1001 1921 1102 1983 vem.
1122 1920 1245 2005 seopp.
1263 1954 1305 1970 -

285 2002 505 2079 conciperentur
522 2001 623 2063 ceteri.

244 2092 315 2176 hos]
336 2117 393 2158 om.
411 2096 506 2156 Harn.

245 2175 358 2240 Ennius
376 2173 492 2256 scribit]
513 2173 645 2238 Florent.
664 2174 759 2238 Haru-
778 2207 819 2223 -
837 2177 941 2246 sano
959 2175 1075 2238 Ennius
1092 2175 1193 2240 ceteri.

646 2359 757 2445 Cap.
817 2361 899 2423 xvt.

245 2487 463 2630 'Wl-
476 2485 1304 2645 &attattlffltltctntt‘att

285 2659 345 2712 vet.
393 2647 452 2710 hot.
480 2649 584 2710 Venet.
599 2650 621 2708 l.
637 2649 674 2708 11.
692 2647 760 2708 Ald.
779 2648 843 2710 Bas·
862 2649 928 2710 Par.
947 2680 989 2696 -
1006 2663 1187 2710 attentassent
1237 2669 1305 2710 avo.

245 2741 405 2828 oppressit]
426 2745 556 2806 Florent.
577 2743 636 2804 Vnt
660 2792 665 2802 .
687 2743 805 2826 Sciopp.
824 2777 865 2790 -
895 2747 1037 2821 oppressit
1057 2759 1091 2839 ¹⁴}
1109 2745 1184 2806 cod.
1204 2743 1241 2804 B.
1261 2777 1305 2790 -

286 2826 462 2902 opprimeret
482 2823 599 2907 Gryph.
649 2835 756 2884 ertrsn
776 2855 817 2870 ·-
842 2825 976 2901 oppressi
991 2837 1082 2886 cetere
1101 2847 1166 2886 cum
1185 2823 1283 2886 Horu.

244 2917 351 3078 hstis]
373 2919 482 2980 besteis
501 2919 619 3003 vulgat.
637 2953 679 2966 -
698 2921 794 3014 hospes
813 2917 926 3001 Gryph.
948 2919 1048 2980 Vertr.
1068 2921 1194 3059 Sciopp1⁸³
1274 2999 1283 3014 1

245 2999 332 3094 quive
382 2998 461 3060 Flor.
482 2999 571 3083 Vulg.
590 3000 690 3062 Verte.
710 2998 1307 3162 δειοέῧρὲῐπῖιιὲζὲιιῦῗὲειᾳᾶὢῖ

282 3099 376 3216 tim
396 3089 453 3140 vet.
474 3110 516 3124 -—
536 3082 590 3158 qui
608 3104 670 3142 sere
688 3077 756 3144 Atd.

313 3169 390 3218 enet.
411 3159 433 3218 1.
454 3159 491 3218 11.

244 3249 343 3471 legio]
359 3253 425 3334 egio
443 3253 520 3314 Edit
540 3268 598 3317 vet.

244 3343 328 3394 tecm
365 3335 467 3394 tecteis
485 3333 544 3394 vul
566 3348 603 3396 at.
624 3369 664 3382 -
683 3335 768 3398 Fort.
788 3337 892 3396 textis.

245 3412 314 3506 quid
334 3409 393 3491 am]
416 3415 540 3488 qnidam
575 3415 637 3476 'dit
656 3415 754 3510 princ..
769 3426 874 3476 vetust.

245 3490 289 3552 lus
338 3489 470 3554 Floreut.
496 3494 590 3556 Ham.
610 3495 687 3556 Edit
708 3517 801 3576 prruc.
821 3507 879 3556 vet.
898 3493 986 3556 Rhol.
1007 3493 1111 3556 Venet
1131 3496 1152 3554 1.
1176 3497 1212 3556 ll.
1233 3491 1305 3556 Α1ι1.

341 3617 347 3630 .
369 3571 434 3632 Par.
456 3569 571 3656 Gryph.
590 3609 632 3622 -
652 3575 725 3636 laec
745 3574 846 3638 Codex
865 3574 898 3636 B.
921 3575 1008 3659 Volg.
1028 3575 1128 3636 Ver-tr.
1148 3575 1271 3656 Sciopp.

244 3663 412 3750 manipulis]
432 3673 610 3748 mompnleis
628 3669 747 3756 Vulgat.

244 3757 389 3842 pluribus]
411 3785 468 3826 om.
490 3765 563 3830 Coti
585 3767 618 3828 B.
639 3767 719 3828 Edit.
739 3769 830 3850 princ.
849 3779 907 3832 vet
926 3765 1015 3851 Vulg.

244 3857 412 3940 copulatur]
430 3865 597 3939 populatur
615 3863 747 3926 Floreot.

245 3952 333 4034 quae]
354 3976 412 4017 om.
431 3957 525 4020 Havn.
546 3960 666 4042 Sciopp.

245 4045 327 4131 tilla]
350 4053 425 4115 silio
443 4057 529 4118 dicta
548 4055 616 4118 ΑΜ.
642 4055 707 4121 Bas.
731 4053 796 4118 Par.
821 4051 936 4137 Gryph.
957 4053 1046 4138 Vulg.
1066 4052 1166 4118 veru.
