2578 4678
244 282 305 346 4⁹⁸
603 279 745 344 mnan
769 277 933 344 NONUS

244 457 374 528 Ennius
395 453 505 528 Ennia
526 457 692 528 nonnullis
716 458 846 554 singula
867 473 905 528 nt
927 455 1124 552 Tragoedia,
1143 451 1247 523 Come·

245 562 315 648 dia3
339 561 386 632 sic
410 561 671 647 maedianum,
694 559 904 634 Numerium:
933 579 967 632 at
988 559 1140 644 Marcam,
1161 576 1189 627 at
1203 553 1246 625 lla·

243 667 377 738 mariam
401 692 470 737 non
494 693 583 738 esee:
608 667 670 737 diei
688 665 842 752 Corvum,
865 667 1028 746 Turdam,
1050 691 1113 736 non
1128 664 1182 734 dici
1194 661 1246 729 Cor·

243 796 335 855 vam,
359 770 526 857 Turdam
566 789 681 842 contra
704 773 768 843 diei
788 771 1007 856 Pandoram,
1030 770 1189 850 Merulam,
1205 793 1246 835 mn

154 886 233 960 (112)
245 875 309 946 dici
329 875 550 963 Pantherum,
586 875 762 948 Merulam.
817 873 948 948 Nullius
971 893 1114 948 nostrum
1134 873 1246 943 filiano

244 982 343 1051 liliam
364 1007 433 1052 non
456 998 531 1078 apto
555 982 692 1054 discerni
716 1007 839 1053 marem
861 1007 901 1051 ac
923 980 1091 1067 feminam,
1110 995 1144 1048 nt
1159 972 1246 1047 'liter

244 1087 337 1172 liam;
378 1102 493 1157 contra
519 1085 668 1157 Deorum
696 1085 816 1158 liberos
841 1103 873 1156 et
895 1111 1062 1158 servornm
1084 1111 1147 1154 non
1166 1083 1247 1154 ilden

244 1207 281 1260 nt
310 1189 396 1260 loris
427 1189 526 1260 lilium
556 1208 589 1261 et
610 1189 724 1275 filiam,
764 1217 833 1262 non
861 1193 975 1262 lovem
1004 1207 1036 1270 et
1055 1191 1172 1259 loram:
1199 1187 1247 1253 iren

243 1319 400 1390 magnum
422 1320 594 1366 nnmerum
615 1294 849 1366 vocabulorum
871 1295 906 1366 in
930 1296 994 1366 hoc
1007 1319 1124 1390 genere
1139 1315 1245 1362 nonsa-

243 1424 319 1470 vare
355 1397 536 1494 analogias.
594 1399 650 1470 Ad
683 1403 764 1472 haec
799 1399 951 1486 dicimus,
989 1401 1094 1470 omnis
1127 1393 1246 1472 orationis

243 1626 371 1702 Ennius,
389 1621 502 1710 Ennia]
531 1613 634 1686 Ennia
652 1649 728 1688 erma
748 1625 880 1690 Floreat.
899 1657 940 1674 -
959 1639 1024 1688 orn.¹
1038 1625 1135 1688 Codex
1151 1625 1181 1684 n
1193 1619 1247 1700 lde·

283 1707 382 1768 Vertr.
403 1707 522 1789 Sciopp.
977 1734 982 1756 ι

242 1799 410 1886 nonnullis]
430 1803 524 1864 Havn.
542 1833 583 1848 ·-
603 1805 747 1864 nonnulla
768 1803 865 1866 ceteri.

243 1899 284 1960 sic
304 1896 382 1980 esse]
402 1899 445 1959 ric
465 1900 536 1960 item
556 1897 656 1960 Codex
676 1898 710 1957 B.

244 2007 274 2054 at
293 1992 434 2073 Marcam]
463 2007 517 2053 aut
534 1994 670 2053 Marcam
689 1993 752 2054 Par.
775 1991 890 2077 Gryph.
909 2027 950 2040 -
970 2008 998 2054 et
1019 1995 1151 2054 Marcam
1167 1991 1232 2050 llam.

243 2100 273 2150 at
292 2086 478 2171 Numeriam]
499 2085 630 2149 Florem.
650 2087 796 2150 Harm-
816 2104 844 2150 er
864 2089 1040 2150 Numeriam
1061 2087 1131 2150 Cod.
1151 2087 1182 2146 Β.
1197 2080 1249 2162 lak-

283 2169 383 2229 Verte.
403 2168 472 2228 Scio
494 2189 524 2250 p.
543 2199 584 2214 -
603 2165 779 2228 Numeriam
797 2167 875 2230 Edit.
895 2167 988 2251 princ.
1007 2180 1067 2230 vet.
1086 2165 1169 2228 llhal
1185 2165 1251 2222 lad

283 2248 306 2307 1.
327 2247 364 2307 ll.
384 2245 452 2307 Ald.
473 2191 559 2308 llasil.
579 2245 666 2306 Paria.
688 2245 804 2330 Gryph.
843 2277 846 2284 ,

243 2363 304 2404 non
325 2339 400 2422 esse]
423 2365 482 2402 erre
502 2361 560 2404 orn.
582 2339 656 2404 Cod.
677 2343 712 2402 B.
734 2343 821 2428 Vulg.
840 2341 939 2404 Verlr.
961 2342 1080 2425 Sciopp.

244 2434 379 2515 carrum]
399 2440 517 2498 corbum
535 2436 617 2498 Flor.
637 2437 730 2498 Havn.
750 2439 804 2500 Ed.
824 2437 916 2520 princ.
935 2450 993 2500 vet.
1013 2437 1102 2498 Rhol.
1121 2437 1190 2498 Ven
1204 2431 1251 2492 ll.

243 2529 378 2674 corivafir]
397 2533 515 2593 corbam
532 2531 663 2594 Floreat.
683 2535 777 2597 Harn.
797 2534 874 2595 Edie
893 2534 986 2616 princ.
1005 2545 1064 2594 ret.
1083 2532 1171 2594 Rhol.
1185 2530 1252 2589 vno

242 2703 399 2790 merulam]
420 2708 560 2768 mem'lam
579 2706 657 2769 Edit.
677 2709 770 2792 princ.
790 2721 849 2770 vet.
869 2707 958 2769 Rhol.
978 2707 1053 2770 Ven-
1073 2709 1097 2768 Ι.
1117 2709 1156 2768 ll.

241 2801 400 2883 merulam]
421 2806 560 2865 menidam
579 2803 634 2864 Ed.
655 2803 746 2885 princ.
768 2815 826 2866 rel„
845 2802 933 2864 Rhol.
953 2805 1061 2866 Venet.
1080 2803 1102 2864 Ι.
1118 2805 1156 2863 ll.

242 2900 348 2962 nullius
369 2913 500 2961 nostrum
513 2897 617 2979 filium]
639 2898 728 2983 Vulg.
748 2900 885 2961 Vertran.
906 2899 1024 2982 Sciopp.
1036 2929 1078 2946 -
1096 2899 1202 2960 nullm
1213 2915 1255 2952 aa·

282 2996 342 3040 tros
352 2981 456 3060 filium
475 2977 542 3040 libri
562 2991 673 3040 veteres
694 2999 803 3040 omnes.

241 3097 302 3136 non
323 3074 405 3157 apte]
436 3072 510 3136 Cod.
530 3073 565 3134 B.
586 3073 702 3168 Volgal.
722 3073 822 3135 Vertr.
844 3073 961 3156 Sciopp.
981 3106 1021 3120 -
1041 3097 1099 3168 aaa
1120 3088 1191 3168 apra
1205 3068 1256 3129 nor.

280 3152 655 3295 {Ergalrtngldvgaai'Plalrrs-
676 3151 841 3237 Gryph.-
861 3176 919 3214 narr
937 3167 1007 3215 acta
1025 3151 1103 3214 Edre
1127 3173 1207 3236 prena
1221 3157 1256 3206 rel

241 3325 425 3411 Terentiam]
448 3329 587 3390 Terentia
606 3327 699 3390 Idavn.

240 3445 302 3487 non
322 3419 438 3506 itidem]
466 3423 571 3484 Venet.
590 3425 614 3484 1.
634 3424 671 3483 ll.
691 3421 758 3484 Ald.
778 3423 843 3484 Bao
862 3423 927 3484 Par.
948 3422 1061 3508 Gryph.
1082 3424 1198 3509 vulgat
1211 3419 1259 3475 ἵσ-

279 3517 353 3565 tran.
374 3503 442 3564 Scio
464 3524 493 3584 p.
520 3535 560 3549 -
593 3524 651 3563 narr
670 3504 784 3564 ididem
802 3503 883 3564 Flar.
903 3502 991 3566 Rhol.
1011 3536 1053 3551 -
1086 3528 1148 3566 aaa
1166 3506 1197 3565 id
1210 3501 1259 3560 idm

280 3585 374 3646 narn.
394 3525 493 3644 Codex
513 3581 547 3642 B.
566 3581 644 3642 Edit.
664 3581 756 3664 princ.
776 3593 882 3643 return

240 3678 343 3756 lillam,
363 3698 423 3738 non
443 3671 560 3836 lovem]
580 3675 698 3760 vulgat.
718 3676 816 3739 Vertr.
836 3677 956 3760 Sciopp.
975 3711 1016 3724 -
1026 3681 1137 3758 filiam
1157 3681 1185 3739 ir
1202 3675 1260 3736 lora

281 3757 383 3851 Codex
401 3756 437 3816 B.
462 3786 503 3802 -

281 3849 378 3900 ceterr.

241 3947 271 3996 et
290 3926 406 4013 loram]
427 3945 455 3990 et
475 3931 569 3994 larem
587 3929 703 4014 Gryph-

240 4025 380 4106 adhaec]
401 4029 447 4088 ad
464 4025 523 4090 hac
543 4025 617 4090 Cnd.
636 4028 672 4089 B.

557 3757 634 3818 Imm
658 3757 753 3818 Iovem
777 3757 871 3818 ΗΜ.
889 3789 930 3804 -
955 3760 1063 3839 filiam
1082 3760 1185 3820 larem.
1200 3757 1260 3816 lorea
