2714 4686
430 314 738 380 renonum
1050 311 1112 376 W!

280 489 605 636 lucum}
663 485 889 560 LlBlll.
968 469 971 476 λ

39 677 42 690 ⁸
149 699 307 772 Nonnulli
334 700 463 796 proprie
487 658 632 772 calamos
653 698 841 794 lupinorum
862 695 943 766 Alas
966 695 1030 766 diei
1051 724 1111 793 pu·
1180 647 1199 768 Ι,

52 821 133 876 tant
158 822 195 876 ut
220 819 365 874 neurus:
423 805 511 876 Alae
537 829 583 874 esc
610 804 737 895 lupeno,
773 800 897 872 surculi
920 800 1112 896 setasolis.

53 926 163 981 CATO
186 911 222 978 in
245 908 439 1004 originibus:
499 909 587 978 Aloe
608 932 655 978 ex
676 907 796 999 lupino.
843 906 981 977 Memini
1003 922 1112 976 tamen

53 1029 271 1084 VARRONEM
300 1013 341 1083 de
370 1013 500 1106 Lingua
521 1011 640 1084 Latina
662 1011 759 1084 Alam
781 1012 924 1084 culmum
945 1008 1041 1080 fabae
1064 1009 1111 1080 di-

54 1145 148 1190 cere.
194 1133 347 1189 SERVIUS
371 1117 414 1186 ad
437 1115 560 1211 Georg.
581 1116 615 1202 l,
639 1125 690 1194 75.
868 1139 869 1147 “

577 1225 596 1260 ί

150 1328 189 1397 lu
219 1351 347 1396 summa
374 1353 451 1398 vero
481 1327 733 1397 constructionis
762 1326 831 1396 eius
854 1349 953 1422 quam
975 1323 1126 1396 similem

56 1431 156 1504 navis
187 1432 316 1502 carinae
346 1431 500 1516 diximus,
540 1446 638 1525 caput
660 1429 843 1516 collocavit,
879 1431 1002 1526 inquo
1026 1444 1114 1500 esset

55 1538 211 1632 regimen
233 1536 332 1622 totius
355 1535 537 1618 animantis,
559 1535 733 1631 datumque
756 1533 800 1604 illi
822 1534 1031 1622 hoouomen
1054 1548 1113 1620 cst,

59 1660 102 1712 ut
124 1641 255 1738 quidem
277 1654 402 1710 VARRO
427 1639 469 1710 ad
492 1636 687 1708 Ciceronem
709 1638 827 1722 scribit,
850 1639 939 1734 quod
961 1638 1036 1708 hinc
1059 1663 1113 1708 ca·

58 1749 157 1844 piant
185 1745 310 1816 initium
338 1769 454 1814 sensus
484 1769 522 1812 ao
545 1742 644 1812 nervi.
702 1759 933 1812 anTnNTIUS
957 1743 997 1812 de
1021 1744 1112 1839 opifi-

61 1851 117 1922 cio
139 1850 205 1924 Dei
227 1867 303 1923 tom.
325 1849 371 1935 ll,
393 1872 468 1944 pag.
490 1850 535 1924 84
555 1845 651 1992 Ilulr.

152 2073 297 2130 SEMOR.
348 2055 538 2126 Secundum
559 2072 767 2128 VARRONEM
788 2055 934 2132 iuvenior
954 2073 986 2126 et
1006 2057 1117 2127 satior

64 2163 275 2259 comparativi
299 2177 376 2231 suut
397 2187 457 2256 per
478 2161 736 2233 imminutionem
757 2215 766 2234 .
786 2162 861 2232 hinc
885 2176 935 2232 cst
956 2160 1016 2245 Vl,
1038 2167 1114 2236 304.

63 2269 144 2340 Iom
171 2269 281 2339 sertior
308 2268 372 2336 sed
395 2268 498 2336 cruda
519 2269 580 2336 deo
603 2267 776 2360 ornatique
796 2277 953 2336 senectus.
1011 2265 1114 2334 Addi-

66 2389 136 2442 tum
168 2373 255 2442 enim
284 2370 348 2440 boc
381 2369 501 2439 estad
529 2371 787 2466 exprimendum,
824 2371 903 2467 quid
930 2371 1115 2459 sitsenior.

65 2479 148 2548 ltem
171 2491 323 2548 OVIDIUS
346 2474 409 2544 Xll
431 2473 513 2543 Met.
535 2477 611 2550 464.
654 2477 748 2547 luter
768 2477 972 2570 iuvenemque
991 2501 1113 2546 senem-

66 2607 138 2677 que.
197 2581 242 2652 Et
263 2606 298 2650 re
321 2603 398 2649 vera
421 2604 488 2649 non
513 2580 664 2649 convenit
685 2581 771 2650 hunc
793 2579 870 2649 satis
894 2605 1007 2649 senem
1029 2581 1113 2650 acci-

66 2687 116 2782 pi,
155 2686 209 2784 qui
240 2699 272 2754 et
298 2683 426 2753 vincere
454 2698 564 2778 potest
592 2699 624 2753 et
653 2708 720 2755 uno
749 2685 814 2752 ictu
836 2699 963 2752 taurum
985 2709 1113 2755 necare.

66 2789 156 2884 Ergo
187 2789 297 2860 senior
319 2814 387 2859 non
410 2787 489 2856 satis
513 2812 630 2873 senex,
667 2788 750 2856 sicut
770 2787 922 2857 luvenior
943 2814 1011 2858 non
1034 2790 1112 2860 satis

67 2892 203 2976 iuvenis,
224 2893 308 2962 intra
330 2893 491 2976 iuvenem,
514 2893 598 2963 sicut
619 2891 800 2987 Pauperior
820 2893 904 2961 intra
925 2915 1114 2988 pauperem.

68 2995 156 3066 Dicit
184 3013 293 3066 autem
314 2997 378 3068 hoc
400 3012 525 3066 VARRO
548 2996 693 3066 inlibris
717 2995 760 3066 ad
783 2994 987 3067 Ciceronem.
1031 3013 1114 3067 SER-

69 3116 154 3171 VIUs
176 3101 216 3171 ad
241 3099 325 3171 Aen.
348 3099 400 3186 V,
422 3107 496 3177 409.

577 3208 596 3247 Ι

156 3307 272 3379 Solent
303 3308 339 3379 in
371 3310 477 3380 verbis
512 3309 609 3380 etiam
641 3311 809 3406 peritiores
844 3334 964 3394 errare,
1001 3311 1115 3382 incerti

70 3429 175 3482 utrum
210 3438 283 3481 com
315 3438 334 3482 r
367 3439 409 3482 an
445 3415 516 3483 siue
544 3441 564 3482 r
594 3415 735 3484 debcant
766 3413 914 3511 proferri.
973 3411 1127 3513 Qniritos

71 3533 189 3588 LIVIUS
219 3517 254 3586 in
284 3532 399 3586 octavo
435 3517 592 3608 Qur'ritot.
625 3535 750 3590 venno
775 3519 817 3600 ad
841 3517 1032 3590 Ciceronem
1057 3521 1115 3590 De

72 3621 257 3692 Fenestella
294 3619 474 3714 omittatur.
531 3621 593 3692 Est
626 3641 735 3694 autem
770 3621 933 3712 Quiritare
969 3623 1114 3714 Quirites

73 3725 165 3797 ciere.
207 3739 400 3795 monnone
422 3750 497 3820 pag.
519 3733 595 3802 ³77.

583 3835 601 3872 ἡ

157 3931 315 4032 Gausapa
343 3949 495 4004 ovlmUs
524 3936 711 4008 neutraliter
745 3936 830 4008 dixit.
892 3936 1054 4036 Gausapa
1084 3937 1119 4008 ci

73 4039 221 4134 inupti,
245 4063 401 4135 goruopa
419 4053 553 4136 swrrpto
569 4045 695 4137 probo,
723 4058 756 4114 et
778 4055 927 4115 cnssms
950 4058 1113 4116 SEVERUS
