2732 4686
371 307 374 314 ’
407 329 548 418 umen
577 329 749 394 nouos.
1045 334 1104 398 tel

33 509 147 580 taleis
178 529 252 580 esse
274 521 372 603 puto,
407 505 609 602 uoluntarios
633 507 750 605 quibus
772 506 922 579 homiues
944 509 1109 601 vocabula·
1179 513 1182 522 “

33 614 265 710 imposuerint
285 612 383 682 rebus
406 612 584 708 quaedam,
612 627 649 681 ut
671 612 713 682 ab
735 611 881 684 Romulo
904 601 1029 697 Roma,
1062 611 1105 685 ab

36 720 178 790 Tibure
207 716 380 800 Tiburtem
418 716 582 786 naturales
611 732 649 785 ut
675 717 716 786 ab
745 718 905 814 impositis
935 719 1104 790 vocabulis
1117 740 1169 796 135
1240 810 1250 818 ,

36 849 135 922 quae
164 821 362 893 inclinantur
387 820 423 889 iu
454 835 603 916 tempora
626 835 682 889 aut
703 822 738 889 in
762 845 875 892 casus:
912 837 950 891 ut
970 822 1011 892 ab
1034 817 1105 893 Ro·
1213 879 1215 882 -

34 926 174 1011 mulus,
195 924 344 1009 Romuli,
367 923 529 1010 Romulo,
552 923 751 1010 Romulum,
775 943 807 996 et
824 927 864 996 ah
887 925 984 1012 Dico,
1003 925 1105 998 Dice·-

35 1035 143 1115 bam,
178 1031 344 1100 Dixeram.
402 1031 515 1126 ltaque
544 1029 580 1099 in
608 1029 797 1101 voluntariis
831 1029 1104 1102 declinationibus

35 1133 357 1220 inconstantinam,
386 1135 421 1203 in
444 1133 644 1205 naturalibus
668 1136 867 1220 constantia,
895 1159 977 1231 quas
1000 1152 1106 1206 uuas·

39 1267 115 1338 que
145 1240 300 1344 qnoniam
322 1238 364 1309 iei
387 1263 456 1309 non
479 1239 621 1309 debcant
642 1264 763 1334 negare
788 1264 861 1310 esse
883 1239 920 1310 iu
941 1241 1102 1326 oratioue,

40 1344 142 1444 quod
168 1346 203 1414 in
230 1342 345 1413 muudi
366 1343 511 1440 partibus
536 1341 688 1415 omuibus
714 1343 772 1426 sit,
812 1359 844 1414 et
867 1343 1101 1416 declinationes

37 1451 220 1522 verborum
241 1449 504 1534 innumerabiles,
527 1448 701 1519 dicendum
724 1463 784 1534 est,
807 1473 880 1519 esse
900 1450 938 1518 in
955 1449 1007 1519 his
1023 1473 1101 1519 ana·

86 1693 201 1754 nomine
227 1696 461 1777 cognominetur,
494 1693 577 1771 quod
598 1694 696 1772 magis
720 1707 847 1768 apparet
866 1697 954 1768 quum
976 1695 1101 1755 dicimus

86 1773 240 1850 Hispanus
258 1774 376 1833 etitem
396 1773 524 1845 Sardus,
542 1771 753 1848 Hispanienses
769 1786 798 1832 ct
813 1772 998 1834 Sardienses.
1017 1771 1101 1834 Num

85 1875 151 1914 cum
176 1853 300 1912 dicimus
321 1852 490 1930 Hispanus,
523 1873 623 1910 nomen
649 1852 780 1910 nationis
809 1853 1002 1924 ostendimus,
1036 1873 1101 1912 cum

86 1945 187 1991 autem
210 1931 434 2012 Hispanienses,
467 1952 621 2011 cognomen
646 1951 745 1989 corum
765 1930 819 2006 qui
834 1929 1024 1991 Prouincc'mn
1041 1929 1100 1990 Ht-

84 2033 212 2088 spanam
235 2013 349 2083 colunt,
365 2043 367 2048 ·
382 2013 440 2071 etsi
462 2033 519 2070 nan
544 2007 684 2086 Hispani.
737 2006 953 2070 Cttanlsws
972 2030 1039 2094 pag.
1059 2009 1098 2072 81

85 2111 147 2170 seq.
168 2090 245 2185 eqni.
265 2090 350 2166 Vlll,
370 2091 419 2152 31.
794 2099 798 2114 '

37 2167 662 2388 ii'lidiu'qediidirirllpiiliiudidildii‘Edit
683 2246 777 2329 princ.
795 2257 902 2308 vetust.
921 2279 962 2296 ···
973 2273 975 2278 ¹
986 2249 1071 2310 rens
1090 2291 1098 2308 .

88 2375 94 2390 .
119 2371 127 2387 .
173 2351 239 2388 amu
259 2347 315 2387 om.
335 2329 429 2388 Havn.

38 2406 81 2472 ab
103 2402 247 2489 Romulo]
267 2408 291 2467 F
293 2406 347 2468 lor.
367 2438 409 2453 ·-
427 2430 448 2468 a
467 2408 591 2468 Romulo
611 2404 724 2487 reliqui.

37 2488 81 2550 ab
103 2485 227 2566 Tibure]
249 2511 270 2546 u
292 2487 419 2547 Tiburno
439 2486 522 2547 Fulv.
544 2486 665 2546 Ursinus
685 2483 760 2567 apud
782 2483 900 2566 Sciopp.
920 2517 960 2531 -
980 2487 1019 2546 ab
1040 2485 1098 2569 Ty·

86 2569 153 2626 bere
171 2565 252 2626 Flor.
270 2598 310 2613 -··
330 2589 350 2626 a
373 2566 481 2627 Tibure
498 2564 613 2646 reliqui.

40 2641 204 2727 Tiburtes]
224 2648 334 2704 tibures
350 2645 445 2705 Havu.

38 2723 187 2865 irlqplqsitis
199 2721 366 2863 ¹uocabqlis']
387 2725 548 2862 cqslpqtsitegs
561 2723 731 2862 'qocabuleis
749 2720 868 2861 illium!
902 2795 959 2859 Flo
1002 2799 1087 2862 Hm

150 2825 177 2863 m
374 2848 381 2862 .
476 2826 500 2862 r.
632 2833 699 2862 .-
718 2823 739 2861 a
787 2821 883 2861 omuo
959 2820 983 2859 r.
1089 2846 1096 2861 .

38 2827 60 2866 a
85 2825 166 2942 -oa
179 2799 308 2944 ltisniua·
322 2823 569 2963 ldeliquieourucii¹
589 2821 629 2884 pp

38 2958 181 3045 Romuli]
214 2960 294 3022 Flos.
315 2962 409 3023 llaru.
429 2959 516 3044 Vulg.
536 2960 671 3022 Vertran.
693 2957 781 3040 Sciop
804 3006 810 3018 .
830 2989 871 3004 -
891 2955 1031 3018 omittunt
1049 2977 1098 3018 re·

85 3041 166 3136 liqui.
186 3073 227 3088 -
246 3041 328 3102 Fort.
348 3055 382 3100 ut
402 3043 441 3101 ab
458 3040 609 3115 Romulus,
627 3039 763 3110 Romulo,
782 2979 912 3110 Romuli,
931 3036 1096 3096 Romulum.

39 3123 80 3185 ab
101 3115 184 3202 dcco]
204 3119 285 3181 Flos.
305 3121 397 3181 Ham.
416 3152 457 3166 -
477 3143 498 3179 a
518 3121 584 3184 dico
603 3117 717 3198 reliqui.

39 3199 172 3264 dicebam
192 3195 340 3339 dixeramq
362 3201 508 3271 dicebam,
530 3200 615 3271 dixi,
637 3199 776 3309 dixeram
795 3193 913 3256 llcnric.
933 3191 1097 3276 Stephanus

82 3279 218 3364 Appeud.
237 3299 303 3362 pag.
343 3280 391 3341 to.

39 3355 220 3454 constantis]
240 3359 442 3418 inconstantia
460 3356 553 3417 Hauu.

40 3440 181 3521 quoniam
200 3437 238 3498 rei
257 3433 336 3518 uon]
356 3434 486 3497 Floreat
505 3436 545 3498 ita
565 3436 635 3510 leh
655 3434 793 3514 quonium
812 3431 858 3493 lei
873 3451 935 3520 nan·
950 3431 1042 3493 Raro.
1056 3462 1098 3477 «-

83 3519 225 3598 qaom'esm
243 3519 280 3577 id
297 3539 354 3576 non
374 3515 478 3597 reliqui
498 3535 606 3577 omum.

39 3595 181 3676 debeant]
201 3597 338 3657 decebant
358 3596 453 3656 Harn.

38 3676 176 3740 oratioue
215 3671 289 3757 uod]
324 3673 399 3736 Cod.
418 3675 454 3733 Β.
474 3672 592 3756 vulgat.
611 3672 745 3732 Vertran.
766 3669 885 3751 Sciopp.
905 3701 945 3715 -
965 3668 1097 3729 oratione

80 3697 376 3896 1quiquAlllldoclhliditi'
389 3752 491 3892 pflnq}
502 3763 615 3891 veth-
634 3753 767 3814 oratione
784 3769 863 3828 quac
881 3745 970 3809 Rhol.
990 3746 1094 3809 Venat.

95 3879 103 3894 .
152 3879 160 3896 .
240 3879 247 3894 .
310 3855 332 3893 s.
377 3853 440 3893 arus.
569 3876 578 3891 .

39 3911 280 3997 alioquinin
298 3914 392 3977 Ham.
492 3852 546 3914 Ἦ

38 3991 263 4054 innumerabiles
300 3994 332 4052 in
351 3992 528 4052 uniuersales
546 3989 602 4051 Ed.
621 3989 712 4072 princ.
732 3999 790 4050 vet.
1140 4037 1148 4048 .

39 4074 71 4134 in
91 4071 152 4152 lais]
173 4071 254 4133 Flor.
303 4091 366 4136 aru·
387 4069 464 4134 Edit.
484 4069 576 4154 princ.
596 4081 653 4133 vet.
673 4067 762 4130 thol.
782 4095 823 4114 -·
842 4066 876 4126 in
893 4058 1066 4143 iis·rcliqui.

84 4189 124 4244 u.
144 4189 177 4242 r.
195 4187 289 4242 vm..
784 4169 797 4240 1
817 4161 859 4233 31
884 4169 897 4238 l
