<?xml version="1.0" encoding="UTF-8"?>
<!DOCTYPE html PUBLIC "-//W3C//DTD XHTML 1.0 Transitional//EN"
    "http://www.w3.org/TR/xhtml1/DTD/xhtml1-transitional.dtd">
<html xmlns="http://www.w3.org/1999/xhtml" xml:lang="en" lang="en">
 <head>
  <title>
</title>
<meta http-equiv="Content-Type" content="text/html;charset=utf-8" />
  <meta name='ocr-system' content='tesseract 3.04.00' />
  <meta name='ocr-capabilities' content='ocr_page ocr_carea ocr_par ocr_line ocrx_word'/>
</head>
<body>
  <div class='ocr_page' id='page_1' title='image "./mterentivarroni00prisgoog/mterentivarroni00prisgoog_0427.png"; bbox 0 0 2618 4672; ppageno 0'>
   <div class='ocr_carea' id='block_1_1' title="bbox 218 295 956 364">
    <p class='ocr_par' dir='ltr' id='par_1_1' title="bbox 218 295 956 364">
     <span class='ocr_line' id='line_1_1' title="bbox 218 295 956 364; baseline -0.003 -2"><span class='ocrx_word' id='word_1_1' title='bbox 218 295 281 364; x_wconf 67' lang='lat' dir='ltr'><strong>ddd</strong></span> <span class='ocrx_word' id='word_1_2' title='bbox 532 295 676 362; x_wconf 68' lang='lat' dir='ltr'><strong>utnon</strong></span> <span class='ocrx_word' id='word_1_3' title='bbox 702 295 956 364; x_wconf 74' lang='lat' dir='ltr'>SEPTIMUS.</span> 
     </span>
    </p>
   </div>
   <div class='ocr_carea' id='block_1_2' title="bbox 145 471 1268 887">
    <p class='ocr_par' dir='ltr' id='par_1_2' title="bbox 145 471 1268 678">
     <span class='ocr_line' id='line_1_2' title="bbox 145 471 1268 572; baseline 0 -26"><span class='ocrx_word' id='word_1_4' title='bbox 145 495 206 570; x_wconf 80' lang='lat'>(77)</span> <span class='ocrx_word' id='word_1_5' title='bbox 218 473 355 546; x_wconf 83' lang='lat' dir='ltr'><strong>modum</strong></span> <span class='ocrx_word' id='word_1_6' title='bbox 376 472 648 561; x_wconf 78' lang='lat' dir='ltr'><strong>lamentarentur,</strong></span> <span class='ocrx_word' id='word_1_7' title='bbox 681 475 823 570; x_wconf 80' lang='lat' dir='ltr'><strong>praefica</strong></span> <span class='ocrx_word' id='word_1_8' title='bbox 858 471 910 546; x_wconf 81' lang='lat' dir='ltr'><strong>est</strong></span> <span class='ocrx_word' id='word_1_9' title='bbox 938 472 1037 548; x_wconf 71' lang='lat' dir='ltr'><strong>utem</strong></span> <span class='ocrx_word' id='word_1_10' title='bbox 1093 471 1268 572; x_wconf 81' lang='lat' dir='ltr'><strong>Utrumque</strong></span> 
     </span>
     <span class='ocr_line' id='line_1_3' title="bbox 219 578 1010 678; baseline 0.001 -27"><span class='ocrx_word' id='word_1_11' title='bbox 219 579 363 651; x_wconf 80' lang='lat' dir='ltr'><strong>ostendit</strong></span> <span class='ocrx_word' id='word_1_12' title='bbox 385 604 405 649; x_wconf 86' lang='lat' dir='ltr'><strong>a</strong></span> <span class='ocrx_word' id='word_1_13' title='bbox 426 579 649 678; x_wconf 81' lang='lat' dir='ltr'><strong>praefectione</strong></span> <span class='ocrx_word' id='word_1_14' title='bbox 671 578 855 651; x_wconf 85' lang='lat' dir='ltr'><strong>Praeficam</strong></span> <span class='ocrx_word' id='word_1_15' title='bbox 878 579 1010 652; x_wconf 88' lang='lat' dir='ltr'><strong>dictam.</strong></span> 
     </span>
    </p>

    <p class='ocr_par' dir='ltr' id='par_1_3' title="bbox 306 685 1268 782">
     <span class='ocr_line' id='line_1_4' title="bbox 306 685 1268 782; baseline 0 -26"><span class='ocrx_word' id='word_1_16' title='bbox 306 685 407 782; x_wconf 82' lang='lat' dir='ltr'><strong>Apud</strong></span> <span class='ocrx_word' id='word_1_17' title='bbox 428 701 576 756; x_wconf 69' lang='lat' dir='ltr'><strong>cnutone</strong></span> <span class='ocrx_word' id='word_1_18' title='bbox 1052 715 1056 726; x_wconf 91' lang='lat'><strong>·</strong></span> <span class='ocrx_word' id='word_1_19' title='bbox 1267 769 1268 774; x_wconf 8' lang='grc' dir='ltr'><strong><em>Ν</em></strong></span> 
     </span>
    </p>

    <p class='ocr_par' dir='ltr' id='par_1_4' title="bbox 534 785 1268 887">
     <span class='ocr_line' id='line_1_5' title="bbox 534 785 1268 887; baseline -0.004 -26"><span class='ocrx_word' id='word_1_20' title='bbox 534 791 647 861; x_wconf 80' lang='lat' dir='ltr'><strong>decem</strong></span> <span class='ocrx_word' id='word_1_21' title='bbox 673 785 815 860; x_wconf 78' lang='lat' dir='ltr'><strong>Coet&#39;tes</strong></span> <span class='ocrx_word' id='word_1_22' title='bbox 837 787 938 887; x_wconf 78' lang='lat' dir='ltr'><strong>quasi</strong></span> <span class='ocrx_word' id='word_1_23' title='bbox 955 791 1122 861; x_wconf 70' lang='lat' dir='ltr'><strong>monn&#39;bua</strong></span> <span class='ocrx_word' id='word_1_24' title='bbox 1142 788 1268 859; x_wconf 67' lang='lat' dir='ltr'><strong>smnus</strong></span> 
     </span>
    </p>
   </div>
   <div class='ocr_carea' id='block_1_3' title="bbox 218 893 1267 1387">
    <p class='ocr_par' dir='ltr' id='par_1_5' title="bbox 218 893 1267 1387">
     <span class='ocr_line' id='line_1_6' title="bbox 261 893 529 987; baseline 0.007 -22"><span class='ocrx_word' id='word_1_25' title='bbox 261 893 383 987; x_wconf 69' lang='lat' dir='ltr'><strong>Rrjoet&#39;s</strong></span> <span class='ocrx_word' id='word_1_26' title='bbox 403 897 529 967; x_wconf 78' lang='lat' dir='ltr'><strong>sedere.</strong></span> 
     </span>
     <span class='ocr_line' id='line_1_7' title="bbox 218 997 1267 1098; baseline -0.003 -28"><span class='ocrx_word' id='word_1_27' title='bbox 218 999 260 1070; x_wconf 81' lang='lat' dir='ltr'><strong>ab</strong></span> <span class='ocrx_word' id='word_1_28' title='bbox 285 999 382 1071; x_wconf 88' lang='lat' dir='ltr'><strong>oculo</strong></span> <span class='ocrx_word' id='word_1_29' title='bbox 406 997 529 1072; x_wconf 83' lang='lat' dir='ltr'><strong>Cocles</strong></span> <span class='ocrx_word' id='word_1_30' title='bbox 550 1015 588 1070; x_wconf 90' lang='lat' dir='ltr'><strong>ut</strong></span> <span class='ocrx_word' id='word_1_31' title='bbox 611 997 700 1070; x_wconf 79' lang='lat' dir='ltr'><strong>ecles</strong></span> <span class='ocrx_word' id='word_1_32' title='bbox 724 997 908 1098; x_wconf 81' lang='lat' dir='ltr'><strong>dictus&#39;qui</strong></span> <span class='ocrx_word' id='word_1_33' title='bbox 929 1026 1032 1070; x_wconf 90' lang='lat' dir='ltr'><strong>unum</strong></span> <span class='ocrx_word' id='word_1_34' title='bbox 1048 999 1183 1071; x_wconf 86' lang='lat' dir='ltr'><strong>haberet</strong></span> <span class='ocrx_word' id='word_1_35' title='bbox 1197 1024 1267 1070; x_wconf 84' lang='lat' dir='ltr'><strong>ocu·</strong></span> 
     </span>
     <span class='ocr_line' id='line_1_8' title="bbox 218 1103 836 1200; baseline 0 -25"><span class='ocrx_word' id='word_1_36' title='bbox 218 1103 302 1200; x_wconf 80' lang='lat' dir='ltr'><strong>lum3</strong></span> <span class='ocrx_word' id='word_1_37' title='bbox 327 1109 482 1200; x_wconf 83' lang='lat' dir='ltr'><strong>quocirca</strong></span> <span class='ocrx_word' id='word_1_38' title='bbox 503 1106 538 1176; x_wconf 91' lang='lat' dir='ltr'><strong>in</strong></span> <span class='ocrx_word' id='word_1_39' title='bbox 561 1103 762 1196; x_wconf 78' lang='lat' dir='ltr'><strong>Curculione</strong></span> <span class='ocrx_word' id='word_1_40' title='bbox 786 1121 836 1175; x_wconf 82' lang='lat' dir='ltr'><strong>eet</strong></span> 
     </span>
     <span class='ocr_line' id='line_1_9' title="bbox 422 1207 1173 1302; baseline 0.004 -24"><span class='ocrx_word' id='word_1_41' title='bbox 422 1209 482 1278; x_wconf 84' lang='lat' dir='ltr'><strong>Dc</strong></span> <span class='ocrx_word' id='word_1_42' title='bbox 505 1207 667 1279; x_wconf 80' lang='lat' dir='ltr'><strong>Coclitten</strong></span> <span class='ocrx_word' id='word_1_43' title='bbox 683 1209 849 1302; x_wconf 81' lang='lat' dir='ltr'><strong>prosapia</strong></span> <span class='ocrx_word' id='word_1_44' title='bbox 868 1221 904 1281; x_wconf 81' lang='lat' dir='ltr'><strong>ta</strong></span> <span class='ocrx_word' id='word_1_45' title='bbox 923 1235 997 1282; x_wconf 82' lang='lat' dir='ltr'><strong>esse</strong></span> <span class='ocrx_word' id='word_1_46' title='bbox 1018 1211 1173 1282; x_wconf 83' lang='lat' dir='ltr'><strong>ordt&#39;tror.</strong></span> 
     </span>
     <span class='ocr_line' id='line_1_10' title="bbox 420 1313 823 1387; baseline -0.002 -1"><span class='ocrx_word' id='word_1_47' title='bbox 420 1315 513 1386; x_wconf 86' lang='lat' dir='ltr'><strong>Nom</strong></span> <span class='ocrx_word' id='word_1_48' title='bbox 531 1313 570 1387; x_wconf 80' lang='grc' dir='ltr'><strong>1ιί</strong></span> <span class='ocrx_word' id='word_1_49' title='bbox 587 1327 663 1385; x_wconf 80' lang='lat' dir='ltr'><strong>sunt</strong></span> <span class='ocrx_word' id='word_1_50' title='bbox 683 1314 823 1386; x_wconf 76' lang='lat' dir='ltr'><strong>unoculi.</strong></span> 
     </span>
    </p>
   </div>
   <div class='ocr_carea' id='block_1_4' title="bbox 216 1563 1264 1662">
    <p class='ocr_par' dir='ltr' id='par_1_6' title="bbox 216 1563 1264 1662">
     <span class='ocr_line' id='line_1_11' title="bbox 216 1563 1264 1662; baseline 0 -34"><span class='ocrx_word' id='word_1_51' title='bbox 216 1563 401 1654; x_wconf 89' lang='lat' dir='ltr'><strong>Utrumque]</strong></span> <span class='ocrx_word' id='word_1_52' title='bbox 435 1571 472 1630; x_wconf 89' lang='lat' dir='ltr'><strong>ll</strong></span> <span class='ocrx_word' id='word_1_53' title='bbox 498 1582 653 1662; x_wconf 70' lang='lat' dir='ltr'><strong>veruntque</strong></span> <span class='ocrx_word' id='word_1_54' title='bbox 678 1567 779 1632; x_wconf 84' lang='lat' dir='ltr'><strong>Codex</strong></span> <span class='ocrx_word' id='word_1_55' title='bbox 798 1569 839 1643; x_wconf 69' lang='grc' dir='ltr'><strong>Βς</strong></span> <span class='ocrx_word' id='word_1_56' title='bbox 872 1567 986 1632; x_wconf 86' lang='lat' dir='ltr'><strong>numeri</strong></span> <span class='ocrx_word' id='word_1_57' title='bbox 1011 1569 1127 1656; x_wconf 76' lang='lat' dir='ltr'><strong>signum</strong></span> <span class='ocrx_word' id='word_1_58' title='bbox 1151 1579 1196 1630; x_wconf 76' lang='lat' dir='ltr'><strong>est</strong></span> <span class='ocrx_word' id='word_1_59' title='bbox 1218 1587 1264 1652; x_wconf 86' lang='lat' dir='ltr'><strong>pre</strong></span> 
     </span>
    </p>
   </div>
   <div class='ocr_carea' id='block_1_5' title="bbox 256 1663 417 1728">
    <p class='ocr_par' dir='ltr' id='par_1_7' title="bbox 256 1663 417 1728">
     <span class='ocr_line' id='line_1_12' title="bbox 256 1663 417 1728; baseline 0.006 -20"><span class='ocrx_word' id='word_1_60' title='bbox 256 1663 417 1728; x_wconf 79' lang='lat' dir='ltr'><strong>utrumque.</strong></span> 
     </span>
    </p>
   </div>
   <div class='ocr_carea' id='block_1_6' title="bbox 215 1719 1263 2000">
    <p class='ocr_par' dir='ltr' id='par_1_8' title="bbox 215 1719 1263 2000">
     <span class='ocr_line' id='line_1_13' title="bbox 215 1719 1263 1904; baseline -0.057 34"><span class='ocrx_word' id='word_1_61' title='bbox 215 1731 463 1886; x_wconf 48' lang='lat' dir='ltr'><strong>&#39;lilim-‘³</strong></span> <span class='ocrx_word' id='word_1_62' title='bbox 490 1719 958 1904; x_wconf 57' lang='lat' dir='ltr'><strong>toout0t.tcn</strong></span> <span class='ocrx_word' id='word_1_63' title='bbox 979 1742 1263 1883; x_wconf 50' lang='lat' dir='ltr'><strong>terrent</strong></span> 
     </span>
     <span class='ocr_line' id='line_1_14' title="bbox 246 1846 1261 2000; baseline -0.082 40"><span class='ocrx_word' id='word_1_64' title='bbox 246 1846 461 2000; x_wconf 55' lang='lat' dir='ltr'><strong>atto...</strong></span> <span class='ocrx_word' id='word_1_65' title='bbox 482 1849 549 1966; x_wconf 76' lang='lat' dir='ltr'><strong>..t</strong></span> <span class='ocrx_word' id='word_1_66' title='bbox 567 1903 632 1966; x_wconf 63' lang='lat' dir='ltr'><strong>er·</strong></span> <span class='ocrx_word' id='word_1_67' title='bbox 654 1903 768 1987; x_wconf 60' lang='lat' dir='ltr'><strong>erre·</strong></span> <span class='ocrx_word' id='word_1_68' title='bbox 790 1868 879 1988; x_wconf 68' lang='lat' dir='ltr'><strong>ve.</strong></span> <span class='ocrx_word' id='word_1_69' title='bbox 899 1937 939 1950; x_wconf 93' lang='lat'><em>-</em></span> <span class='ocrx_word' id='word_1_70' title='bbox 958 1847 1261 1984; x_wconf 57' lang='lat' dir='ltr'><strong>totana..</strong></span> 
     </span>
    </p>
   </div>
   <div class='ocr_carea' id='block_1_7' title="bbox 255 1997 424 2064">
    <p class='ocr_par' dir='ltr' id='par_1_9' title="bbox 255 1997 424 2064">
     <span class='ocr_line' id='line_1_15' title="bbox 255 1997 424 2064; baseline 0.012 -21"><span class='ocrx_word' id='word_1_71' title='bbox 255 2005 347 2064; x_wconf 87' lang='lat' dir='ltr'><strong>prmo.</strong></span> <span class='ocrx_word' id='word_1_72' title='bbox 368 1997 424 2046; x_wconf 75' lang='lat' dir='ltr'><strong>vet</strong></span> 
     </span>
    </p>
   </div>
   <div class='ocr_carea' id='block_1_8' title="bbox 170 2075 1264 2402">
    <p class='ocr_par' dir='ltr' id='par_1_10' title="bbox 170 2075 1264 2322">
     <span class='ocr_line' id='line_1_16' title="bbox 216 2075 1262 2162; baseline -0.005 -22"><span class='ocrx_word' id='word_1_73' title='bbox 216 2079 296 2162; x_wconf 83' lang='lat' dir='ltr'><strong>quasi</strong></span> <span class='ocrx_word' id='word_1_74' title='bbox 317 2077 478 2158; x_wconf 76' lang='lat' dir='ltr'><strong>montibus]</strong></span> <span class='ocrx_word' id='word_1_75' title='bbox 499 2079 612 2140; x_wconf 87' lang='lat' dir='ltr'><strong>Victor.</strong></span> <span class='ocrx_word' id='word_1_76' title='bbox 625 2113 666 2126; x_wconf 90' lang='lat'><strong>—·</strong></span> <span class='ocrx_word' id='word_1_77' title='bbox 686 2103 762 2157; x_wconf 81' lang='lat' dir='ltr'><strong>quas</strong></span> <span class='ocrx_word' id='word_1_78' title='bbox 780 2081 926 2140; x_wconf 75' lang='lat' dir='ltr'><strong>mentibus</strong></span> <span class='ocrx_word' id='word_1_79' title='bbox 944 2077 1080 2140; x_wconf 85' lang='lat' dir='ltr'><strong>Florcut.</strong></span> <span class='ocrx_word' id='word_1_80' title='bbox 1098 2075 1194 2138; x_wconf 80' lang='lat' dir='ltr'><strong>Ilavn.</strong></span> <span class='ocrx_word' id='word_1_81' title='bbox 1213 2075 1262 2136; x_wconf 74' lang='lat' dir='ltr'><strong>Co</strong></span> 
     </span>
     <span class='ocr_line' id='line_1_17' title="bbox 170 2157 1264 2240; baseline -0.006 -20"><span class='ocrx_word' id='word_1_82' title='bbox 170 2159 174 2172; x_wconf 90' lang='lat'>&#39;</span> <span class='ocrx_word' id='word_1_83' title='bbox 255 2159 310 2220; x_wconf 84' lang='lat' dir='ltr'><strong>dex</strong></span> <span class='ocrx_word' id='word_1_84' title='bbox 330 2159 363 2220; x_wconf 87' lang='lat' dir='ltr'><strong>B.</strong></span> <span class='ocrx_word' id='word_1_85' title='bbox 386 2157 463 2220; x_wconf 81' lang='lat' dir='ltr'><strong>Edit</strong></span> <span class='ocrx_word' id='word_1_86' title='bbox 483 2159 575 2240; x_wconf 87' lang='lat' dir='ltr'><strong>princ.</strong></span> <span class='ocrx_word' id='word_1_87' title='bbox 595 2172 652 2220; x_wconf 84' lang='lat' dir='ltr'><strong>vet.</strong></span> <span class='ocrx_word' id='word_1_88' title='bbox 673 2159 761 2220; x_wconf 84' lang='lat' dir='ltr'><strong>llliol.</strong></span> <span class='ocrx_word' id='word_1_89' title='bbox 781 2159 855 2220; x_wconf 88' lang='lat' dir='ltr'><strong>Ven.</strong></span> <span class='ocrx_word' id='word_1_90' title='bbox 878 2159 900 2218; x_wconf 91' lang='lat' dir='ltr'><strong>l.</strong></span> <span class='ocrx_word' id='word_1_91' title='bbox 920 2160 956 2222; x_wconf 90' lang='lat' dir='ltr'><strong>ll.</strong></span> <span class='ocrx_word' id='word_1_92' title='bbox 976 2193 1016 2204; x_wconf 83' lang='lat'><strong>·-</strong></span> <span class='ocrx_word' id='word_1_93' title='bbox 1036 2181 1110 2237; x_wconf 78' lang='lat' dir='ltr'><strong>ques</strong></span> <span class='ocrx_word' id='word_1_94' title='bbox 1129 2158 1264 2217; x_wconf 81' lang='lat' dir='ltr'><strong>urentibus</strong></span> 
     </span>
     <span class='ocr_line' id='line_1_18' title="bbox 254 2235 1262 2322; baseline -0.006 -24"><span class='ocrx_word' id='word_1_95' title='bbox 254 2237 324 2298; x_wconf 78' lang='lat' dir='ltr'><strong>Ald.</strong></span> <span class='ocrx_word' id='word_1_96' title='bbox 344 2239 408 2298; x_wconf 85' lang='lat' dir='ltr'><strong>Bas.</strong></span> <span class='ocrx_word' id='word_1_97' title='bbox 428 2239 492 2298; x_wconf 86' lang='lat' dir='ltr'><strong>Par.</strong></span> <span class='ocrx_word' id='word_1_98' title='bbox 509 2237 573 2321; x_wconf 84' lang='lat' dir='ltr'><strong>Gry</strong></span> <span class='ocrx_word' id='word_1_99' title='bbox 595 2237 623 2298; x_wconf 83' lang='lat' dir='ltr'><strong>lr.</strong></span> <span class='ocrx_word' id='word_1_100' title='bbox 644 2237 732 2321; x_wconf 81' lang='lat' dir='ltr'><strong>Vulg.</strong></span> <span class='ocrx_word' id='word_1_101' title='bbox 752 2239 851 2300; x_wconf 79' lang='lat' dir='ltr'><strong>Verte.</strong></span> <span class='ocrx_word' id='word_1_102' title='bbox 873 2238 992 2322; x_wconf 82' lang='lat' dir='ltr'><strong>Sciopp.</strong></span> <span class='ocrx_word' id='word_1_103' title='bbox 1011 2270 1052 2284; x_wconf 90' lang='lat'>-</span> <span class='ocrx_word' id='word_1_104' title='bbox 1079 2261 1151 2316; x_wconf 79' lang='lat' dir='ltr'><strong>ques</strong></span> <span class='ocrx_word' id='word_1_105' title='bbox 1170 2235 1262 2296; x_wconf 84' lang='lat' dir='ltr'><strong>meati-</strong></span> 
     </span>
    </p>

    <p class='ocr_par' dir='ltr' id='par_1_11' title="bbox 254 2262 844 2402">
     <span class='ocr_line' id='line_1_19' title="bbox 254 2262 844 2402; baseline -0.002 -24"><span class='ocrx_word' id='word_1_106' title='bbox 254 2319 306 2378; x_wconf 81' lang='lat' dir='ltr'><strong>bus</strong></span> <span class='ocrx_word' id='word_1_107' title='bbox 326 2317 468 2379; x_wconf 83' lang='lat' dir='ltr'><strong>Columna</strong></span> <span class='ocrx_word' id='word_1_108' title='bbox 487 2339 552 2402; x_wconf 86' lang='lat' dir='ltr'><strong>pag.</strong></span> <span class='ocrx_word' id='word_1_109' title='bbox 568 2262 633 2384; x_wconf 82' lang='lat' dir='ltr'><strong>‚l37</strong></span> <span class='ocrx_word' id='word_1_110' title='bbox 654 2339 718 2379; x_wconf 86' lang='lat' dir='ltr'><strong>cum</strong></span> <span class='ocrx_word' id='word_1_111' title='bbox 740 2319 844 2402; x_wconf 82' lang='lat' dir='ltr'><strong>scalig.</strong></span> 
     </span>
    </p>
   </div>
   <div class='ocr_carea' id='block_1_9' title="bbox 212 2412 1264 3086">
    <p class='ocr_par' dir='ltr' id='par_1_12' title="bbox 213 2412 605 2498">
     <span class='ocr_line' id='line_1_20' title="bbox 213 2412 605 2498; baseline -0.008 -22"><span class='ocrx_word' id='word_1_112' title='bbox 213 2412 345 2496; x_wconf 71' lang='lat' dir='ltr'><strong>sommis]</strong></span> <span class='ocrx_word' id='word_1_113' title='bbox 364 2415 498 2472; x_wconf 82' lang='lat' dir='ltr'><strong>summcc&#39;s</strong></span> <span class='ocrx_word' id='word_1_114' title='bbox 518 2413 605 2498; x_wconf 82' lang='lat' dir='ltr'><strong>Vulg.</strong></span> 
     </span>
    </p>

    <p class='ocr_par' dir='ltr' id='par_1_13' title="bbox 213 2504 1262 2682">
     <span class='ocr_line' id='line_1_21' title="bbox 213 2504 1262 2594; baseline 0 -24"><span class='ocrx_word' id='word_1_115' title='bbox 213 2504 316 2592; x_wconf 85' lang='lat' dir='ltr'><strong>ripeis]</strong></span> <span class='ocrx_word' id='word_1_116' title='bbox 337 2509 417 2570; x_wconf 84' lang='lat' dir='ltr'><strong>Flor.</strong></span> <span class='ocrx_word' id='word_1_117' title='bbox 438 2506 531 2571; x_wconf 85' lang='lat' dir='ltr'><strong>Havn.</strong></span> <span class='ocrx_word' id='word_1_118' title='bbox 552 2509 652 2594; x_wconf 80' lang='lat' dir='ltr'><strong>Vulg.;</strong></span> <span class='ocrx_word' id='word_1_119' title='bbox 672 2509 729 2574; x_wconf 88' lang='lat' dir='ltr'><strong>hoc</strong></span> <span class='ocrx_word' id='word_1_120' title='bbox 750 2520 793 2572; x_wconf 85' lang='lat' dir='ltr'><strong>est</strong></span> <span class='ocrx_word' id='word_1_121' title='bbox 812 2509 933 2587; x_wconf 74' lang='lat' dir='ltr'><strong>ripaeis.</strong></span> <span class='ocrx_word' id='word_1_122' title='bbox 951 2508 1017 2572; x_wconf 83' lang='lat' dir='ltr'><strong>vide</strong></span> <span class='ocrx_word' id='word_1_123' title='bbox 1038 2507 1262 2572; x_wconf 80' lang='lat' dir='ltr'><strong>Columnam.-</strong></span> 
     </span>
     <span class='ocr_line' id='line_1_22' title="bbox 236 2589 462 2682; baseline -0.009 -32"><span class='ocrx_word' id='word_1_124' title='bbox 236 2593 329 2682; x_wconf 63' lang='grc' dir='ltr'><strong>λτίριὶσ</strong></span> <span class='ocrx_word' id='word_1_125' title='bbox 349 2589 462 2669; x_wconf 86' lang='lat' dir='ltr'><strong>reliqui.</strong></span> 
     </span>
    </p>

    <p class='ocr_par' dir='ltr' id='par_1_14' title="bbox 212 2677 1264 3086">
     <span class='ocr_line' id='line_1_23' title="bbox 212 2677 1263 2768; baseline -0.01 -17"><span class='ocrx_word' id='word_1_126' title='bbox 212 2681 332 2768; x_wconf 75' lang='lat' dir='ltr'><strong>tedere]</strong></span> <span class='ocrx_word' id='word_1_127' title='bbox 365 2683 433 2748; x_wconf 75' lang='grc' dir='ltr'><strong>ΑΜ.</strong></span> <span class='ocrx_word' id='word_1_128' title='bbox 453 2685 518 2746; x_wconf 86' lang='lat' dir='ltr'><strong>Bas.</strong></span> <span class='ocrx_word' id='word_1_129' title='bbox 538 2685 602 2746; x_wconf 84' lang='lat' dir='ltr'><strong>Par.</strong></span> <span class='ocrx_word' id='word_1_130' title='bbox 625 2677 740 2766; x_wconf 75' lang='lat' dir='ltr'><strong>Gryph.</strong></span> <span class='ocrx_word' id='word_1_131' title='bbox 760 2683 878 2768; x_wconf 84' lang='lat' dir='ltr'><strong>Vulgat.</strong></span> <span class='ocrx_word' id='word_1_132' title='bbox 899 2683 999 2746; x_wconf 87' lang='lat' dir='ltr'><strong>Vertr.</strong></span> <span class='ocrx_word' id='word_1_133' title='bbox 1021 2683 1091 2746; x_wconf 87' lang='lat' dir='ltr'><strong>Scio</strong></span> <span class='ocrx_word' id='word_1_134' title='bbox 1113 2707 1145 2766; x_wconf 90' lang='lat' dir='ltr'><strong>p.</strong></span> <span class='ocrx_word' id='word_1_135' title='bbox 1163 2715 1201 2730; x_wconf 88' lang='lat'><strong>·-</strong></span> <span class='ocrx_word' id='word_1_136' title='bbox 1216 2683 1263 2758; x_wconf 80' lang='lat' dir='ltr'><strong>sc·</strong></span> 
     </span>
     <span class='ocr_line' id='line_1_24' title="bbox 235 2759 1263 2846; baseline -0.005 -21"><span class='ocrx_word' id='word_1_137' title='bbox 235 2767 324 2846; x_wconf 52' lang='lat' dir='ltr'><strong>‚dere</strong></span> <span class='ocrx_word' id='word_1_138' title='bbox 344 2765 423 2825; x_wconf 81' lang='lat' dir='ltr'><strong>Flor.</strong></span> <span class='ocrx_word' id='word_1_139' title='bbox 444 2763 519 2825; x_wconf 82' lang='lat' dir='ltr'><strong>cod.</strong></span> <span class='ocrx_word' id='word_1_140' title='bbox 539 2766 573 2824; x_wconf 92' lang='lat' dir='ltr'><strong>B.</strong></span> <span class='ocrx_word' id='word_1_141' title='bbox 594 2764 647 2824; x_wconf 84' lang='lat' dir='ltr'><strong>Ed.</strong></span> <span class='ocrx_word' id='word_1_142' title='bbox 669 2765 760 2844; x_wconf 88' lang='lat' dir='ltr'><strong>princ.</strong></span> <span class='ocrx_word' id='word_1_143' title='bbox 780 2777 838 2826; x_wconf 85' lang='lat' dir='ltr'><strong>vet.</strong></span> <span class='ocrx_word' id='word_1_144' title='bbox 858 2798 898 2810; x_wconf 95' lang='lat'>—</span> <span class='ocrx_word' id='word_1_145' title='bbox 922 2767 1051 2842; x_wconf 82' lang='lat' dir='ltr'><strong>foedere</strong></span> <span class='ocrx_word' id='word_1_146' title='bbox 1117 2785 1166 2826; x_wconf 78' lang='lat' dir='ltr'><strong>vu.</strong></span> <span class='ocrx_word' id='word_1_147' title='bbox 1185 2759 1263 2821; x_wconf 85' lang='lat' dir='ltr'><strong>llhol.</strong></span> 
     </span>
     <span class='ocr_line' id='line_1_25' title="bbox 253 2841 1264 2922; baseline -0.001 -21"><span class='ocrx_word' id='word_1_148' title='bbox 253 2845 359 2907; x_wconf 85' lang='lat' dir='ltr'><strong>Venet.</strong></span> <span class='ocrx_word' id='word_1_149' title='bbox 380 2847 403 2904; x_wconf 91' lang='lat' dir='ltr'><strong>l.</strong></span> <span class='ocrx_word' id='word_1_150' title='bbox 424 2846 511 2905; x_wconf 91' lang='lat' dir='ltr'><strong>ll.—</strong></span> <span class='ocrx_word' id='word_1_151' title='bbox 532 2869 559 2921; x_wconf 80' lang='lat' dir='ltr'><strong>q.</strong></span> <span class='ocrx_word' id='word_1_152' title='bbox 581 2846 616 2902; x_wconf 80' lang='lat' dir='ltr'><strong>V.</strong></span> <span class='ocrx_word' id='word_1_153' title='bbox 638 2841 671 2902; x_wconf 88' lang='lat' dir='ltr'><strong>C.</strong></span> <span class='ocrx_word' id='word_1_154' title='bbox 690 2846 795 2902; x_wconf 74' lang='lat' dir='ltr'><strong>scimus</strong></span> <span class='ocrx_word' id='word_1_155' title='bbox 814 2845 959 2920; x_wconf 74' lang='lat' dir='ltr'><strong>Riphaeis</strong></span> <span class='ocrx_word' id='word_1_156' title='bbox 968 2847 1082 2922; x_wconf 82' lang='lat' dir='ltr'><strong>sedere</strong></span> <span class='ocrx_word' id='word_1_157' title='bbox 1102 2885 1112 2902; x_wconf 90' lang='lat'><strong>.</strong></span> <span class='ocrx_word' id='word_1_158' title='bbox 1133 2845 1177 2903; x_wconf 82' lang='lat' dir='ltr'><strong>al.</strong></span> <span class='ocrx_word' id='word_1_159' title='bbox 1194 2864 1264 2900; x_wconf 74' lang='lat' dir='ltr'><strong>ocut-</strong></span> 
     </span>
     <span class='ocr_line' id='line_1_26' title="bbox 252 2917 1264 3008; baseline -0.008 -24"><span class='ocrx_word' id='word_1_160' title='bbox 252 2929 310 2984; x_wconf 79' lang='lat' dir='ltr'><strong>mis</strong></span> <span class='ocrx_word' id='word_1_161' title='bbox 328 2926 419 3000; x_wconf 81' lang='lat' dir='ltr'><strong>ripeis</strong></span> <span class='ocrx_word' id='word_1_162' title='bbox 430 2927 541 3002; x_wconf 82' lang='lat' dir='ltr'><strong>sedere</strong></span> <span class='ocrx_word' id='word_1_163' title='bbox 561 2923 680 3006; x_wconf 86' lang='lat' dir='ltr'><strong>Sciopp.</strong></span> <span class='ocrx_word' id='word_1_164' title='bbox 700 2923 731 2982; x_wconf 86' lang='lat' dir='ltr'><strong>in</strong></span> <span class='ocrx_word' id='word_1_165' title='bbox 752 2945 855 3008; x_wconf 83' lang='lat' dir='ltr'><strong>marg.;</strong></span> <span class='ocrx_word' id='word_1_166' title='bbox 888 2923 971 3005; x_wconf 89' lang='lat' dir='ltr'><strong>prior</strong></span> <span class='ocrx_word' id='word_1_167' title='bbox 990 2935 1036 2984; x_wconf 85' lang='lat' dir='ltr'><strong>est</strong></span> <span class='ocrx_word' id='word_1_168' title='bbox 1055 2920 1202 2996; x_wconf 86' lang='lat' dir='ltr'><strong>Turnebi,</strong></span> <span class='ocrx_word' id='word_1_169' title='bbox 1227 2917 1264 2978; x_wconf 77' lang='lat' dir='ltr'><strong>al</strong></span> 
     </span>
     <span class='ocr_line' id='line_1_27' title="bbox 236 3003 664 3086; baseline -0.005 -23"><span class='ocrx_word' id='word_1_170' title='bbox 236 3013 314 3065; x_wconf 83' lang='lat' dir='ltr'><strong>&#39;tera</strong></span> <span class='ocrx_word' id='word_1_171' title='bbox 335 3003 474 3086; x_wconf 81' lang='lat' dir='ltr'><strong>Scaligeri</strong></span> <span class='ocrx_word' id='word_1_172' title='bbox 494 3003 664 3063; x_wconf 86' lang='lat' dir='ltr'><strong>emendatio.</strong></span> 
     </span>
    </p>
   </div>
   <div class='ocr_carea' id='block_1_10' title="bbox 213 3093 1266 3179">
    <p class='ocr_par' dir='ltr' id='par_1_15' title="bbox 213 3093 1266 3179">
     <span class='ocr_line' id='line_1_28' title="bbox 213 3093 1266 3179; baseline -0.008 -20"><span class='ocrx_word' id='word_1_173' title='bbox 213 3111 246 3159; x_wconf 85' lang='lat' dir='ltr'><strong>ut</strong></span> <span class='ocrx_word' id='word_1_174' title='bbox 267 3095 359 3178; x_wconf 83' lang='lat' dir='ltr'><strong>ucles]</strong></span> <span class='ocrx_word' id='word_1_175' title='bbox 390 3099 469 3158; x_wconf 86' lang='lat' dir='ltr'><strong>Flor.</strong></span> <span class='ocrx_word' id='word_1_176' title='bbox 491 3097 569 3158; x_wconf 85' lang='lat' dir='ltr'><strong>Edit.</strong></span> <span class='ocrx_word' id='word_1_177' title='bbox 591 3097 684 3179; x_wconf 84' lang='lat' dir='ltr'><strong>princ.</strong></span> <span class='ocrx_word' id='word_1_178' title='bbox 705 3111 761 3159; x_wconf 81' lang='lat' dir='ltr'><strong>vet.</strong></span> <span class='ocrx_word' id='word_1_179' title='bbox 783 3096 871 3158; x_wconf 80' lang='lat' dir='ltr'><strong>liltol.</strong></span> <span class='ocrx_word' id='word_1_180' title='bbox 892 3097 997 3157; x_wconf 74' lang='lat' dir='ltr'><strong>Venet.</strong></span> <span class='ocrx_word' id='word_1_181' title='bbox 1018 3098 1040 3158; x_wconf 90' lang='lat' dir='ltr'><strong>l.</strong></span> <span class='ocrx_word' id='word_1_182' title='bbox 1062 3097 1099 3156; x_wconf 92' lang='lat' dir='ltr'><strong>ll.</strong></span> <span class='ocrx_word' id='word_1_183' title='bbox 1121 3095 1187 3156; x_wconf 75' lang='lat' dir='ltr'><strong>Atd.</strong></span> <span class='ocrx_word' id='word_1_184' title='bbox 1204 3093 1266 3152; x_wconf 55' lang='lat' dir='ltr'><strong>Bar»</strong></span> 
     </span>
    </p>
   </div>
   <div class='ocr_carea' id='block_1_11' title="bbox 253 3173 1264 3340">
    <p class='ocr_par' dir='ltr' id='par_1_16' title="bbox 253 3173 1264 3340">
     <span class='ocr_line' id='line_1_29' title="bbox 253 3173 1264 3259; baseline -0.01 -21"><span class='ocrx_word' id='word_1_185' title='bbox 253 3179 342 3238; x_wconf 85' lang='lat' dir='ltr'><strong>Poris.</strong></span> <span class='ocrx_word' id='word_1_186' title='bbox 364 3176 479 3259; x_wconf 84' lang='lat' dir='ltr'><strong>Gryph.</strong></span> <span class='ocrx_word' id='word_1_187' title='bbox 499 3211 538 3222; x_wconf 91' lang='lat'><em>-</em></span> <span class='ocrx_word' id='word_1_188' title='bbox 569 3193 600 3236; x_wconf 81' lang='lat' dir='ltr'><strong>ut</strong></span> <span class='ocrx_word' id='word_1_189' title='bbox 621 3178 714 3238; x_wconf 77' lang='lat' dir='ltr'><strong>cocles</strong></span> <span class='ocrx_word' id='word_1_190' title='bbox 732 3179 827 3238; x_wconf 80' lang='lat' dir='ltr'><strong>Havn.</strong></span> <span class='ocrx_word' id='word_1_191' title='bbox 847 3212 887 3224; x_wconf 92' lang='lat'><em>-</em></span> <span class='ocrx_word' id='word_1_192' title='bbox 908 3177 997 3256; x_wconf 79' lang='lat' dir='ltr'><strong>qttost&#39;</strong></span> <span class='ocrx_word' id='word_1_193' title='bbox 1015 3178 1095 3237; x_wconf 75' lang='lat' dir='ltr'><strong>ecles</strong></span> <span class='ocrx_word' id='word_1_194' title='bbox 1115 3175 1212 3238; x_wconf 82' lang='lat' dir='ltr'><strong>Codex</strong></span> <span class='ocrx_word' id='word_1_195' title='bbox 1233 3173 1264 3230; x_wconf 88' lang='lat' dir='ltr'><strong>B.</strong></span> 
     </span>
     <span class='ocr_line' id='line_1_30' title="bbox 254 3256 637 3340; baseline 0.008 -27"><span class='ocrx_word' id='word_1_196' title='bbox 254 3256 341 3340; x_wconf 79' lang='lat' dir='ltr'><strong>Vulg.</strong></span> <span class='ocrx_word' id='word_1_197' title='bbox 361 3257 497 3317; x_wconf 83' lang='lat' dir='ltr'><strong>Vertran.</strong></span> <span class='ocrx_word' id='word_1_198' title='bbox 520 3256 637 3338; x_wconf 87' lang='lat' dir='ltr'><strong>Sciopp.</strong></span> 
     </span>
    </p>
   </div>
   <div class='ocr_carea' id='block_1_12' title="bbox 211 3349 1267 3628">
    <p class='ocr_par' dir='ltr' id='par_1_17' title="bbox 211 3349 1267 3628">
     <span class='ocr_line' id='line_1_31' title="bbox 214 3349 607 3432; baseline -0.005 -18"><span class='ocrx_word' id='word_1_199' title='bbox 214 3349 404 3432; x_wconf 88' lang='lat' dir='ltr'><strong>Curculione]</strong></span> <span class='ocrx_word' id='word_1_200' title='bbox 425 3353 482 3428; x_wconf 86' lang='lat' dir='ltr'><strong>lll,</strong></span> <span class='ocrx_word' id='word_1_201' title='bbox 503 3353 538 3427; x_wconf 88' lang='lat' dir='ltr'><strong>l,</strong></span> <span class='ocrx_word' id='word_1_202' title='bbox 558 3353 607 3412; x_wconf 73' lang='lat'><strong>23.</strong></span> 
     </span>
     <span class='ocr_line' id='line_1_32' title="bbox 212 3443 1267 3532; baseline -0.006 -24"><span class='ocrx_word' id='word_1_203' title='bbox 212 3448 249 3508; x_wconf 83' lang='lat' dir='ltr'><strong>de</strong></span> <span class='ocrx_word' id='word_1_204' title='bbox 270 3444 423 3530; x_wconf 86' lang='lat' dir='ltr'><strong>coelitum]</strong></span> <span class='ocrx_word' id='word_1_205' title='bbox 455 3449 630 3508; x_wconf 81' lang='lat' dir='ltr'><strong>decoclc&#39;tum</strong></span> <span class='ocrx_word' id='word_1_206' title='bbox 648 3445 727 3507; x_wconf 84' lang='lat' dir='ltr'><strong>Edit.</strong></span> <span class='ocrx_word' id='word_1_207' title='bbox 748 3447 839 3532; x_wconf 82' lang='lat' dir='ltr'><strong>princ.</strong></span> <span class='ocrx_word' id='word_1_208' title='bbox 859 3457 964 3508; x_wconf 79' lang='lat' dir='ltr'><strong>velusl.</strong></span> <span class='ocrx_word' id='word_1_209' title='bbox 984 3445 1076 3507; x_wconf 84' lang='lat' dir='ltr'><strong>Rhol.</strong></span> <span class='ocrx_word' id='word_1_210' title='bbox 1100 3443 1211 3507; x_wconf 86' lang='lat' dir='ltr'><strong>Ven.&#39;l.</strong></span> <span class='ocrx_word' id='word_1_211' title='bbox 1233 3445 1267 3502; x_wconf 92' lang='lat' dir='ltr'><strong>ll.</strong></span> 
     </span>
     <span class='ocr_line' id='line_1_33' title="bbox 211 3539 623 3628; baseline -0.005 -24"><span class='ocrx_word' id='word_1_212' title='bbox 211 3539 358 3628; x_wconf 82' lang='lat' dir='ltr'><strong>prosapia]</strong></span> <span class='ocrx_word' id='word_1_213' title='bbox 376 3546 510 3622; x_wconf 72' lang='lat' dir='ltr'><strong>praefica</strong></span> <span class='ocrx_word' id='word_1_214' title='bbox 530 3543 623 3604; x_wconf 77' lang='lat' dir='ltr'><strong>Horu.</strong></span> 
     </span>
    </p>
   </div>
   <div class='ocr_carea' id='block_1_13' title="bbox 212 3634 1269 3878">
    <p class='ocr_par' dir='ltr' id='par_1_18' title="bbox 212 3634 1269 3878">
     <span class='ocr_line' id='line_1_34' title="bbox 212 3634 1267 3734; baseline -0.006 -34"><span class='ocrx_word' id='word_1_215' title='bbox 212 3651 242 3700; x_wconf 85' lang='lat' dir='ltr'><strong>te</strong></span> <span class='ocrx_word' id='word_1_216' title='bbox 263 3635 338 3718; x_wconf 80' lang='lat' dir='ltr'><strong>esce]</strong></span> <span class='ocrx_word' id='word_1_217' title='bbox 360 3636 448 3721; x_wconf 83' lang='lat' dir='ltr'><strong>Vulg.</strong></span> <span class='ocrx_word' id='word_1_218' title='bbox 469 3637 569 3698; x_wconf 80' lang='lat' dir='ltr'><strong>Verte.</strong></span> <span class='ocrx_word' id='word_1_219' title='bbox 590 3637 709 3734; x_wconf 79' lang='lat' dir='ltr'><strong>Sciopp.</strong></span> <span class='ocrx_word' id='word_1_220' title='bbox 730 3659 765 3698; x_wconf 85' lang='lat' dir='ltr'><strong>ex</strong></span> <span class='ocrx_word' id='word_1_221' title='bbox 785 3637 880 3699; x_wconf 90' lang='lat' dir='ltr'><strong>Plauti</strong></span> <span class='ocrx_word' id='word_1_222' title='bbox 900 3636 989 3698; x_wconf 81' lang='lat' dir='ltr'><strong>libris.</strong></span> <span class='ocrx_word' id='word_1_223' title='bbox 1010 3669 1051 3684; x_wconf 91' lang='lat'><strong>·-</strong></span> <span class='ocrx_word' id='word_1_224' title='bbox 1073 3653 1103 3698; x_wconf 86' lang='lat' dir='ltr'><strong>te</strong></span> <span class='ocrx_word' id='word_1_225' title='bbox 1123 3659 1178 3700; x_wconf 91' lang='lat' dir='ltr'><strong>om.</strong></span> <span class='ocrx_word' id='word_1_226' title='bbox 1196 3634 1267 3695; x_wconf 70' lang='lat' dir='ltr'><strong>flo-</strong></span> 
     </span>
     <span class='ocr_line' id='line_1_35' title="bbox 252 3717 1269 3800; baseline -0.007 -20"><span class='ocrx_word' id='word_1_227' title='bbox 252 3729 326 3780; x_wconf 88' lang='lat' dir='ltr'><strong>rent.</strong></span> <span class='ocrx_word' id='word_1_228' title='bbox 349 3719 441 3777; x_wconf 78' lang='lat' dir='ltr'><strong>llavn.</strong></span> <span class='ocrx_word' id='word_1_229' title='bbox 464 3717 536 3777; x_wconf 86' lang='lat' dir='ltr'><strong>Cod.</strong></span> <span class='ocrx_word' id='word_1_230' title='bbox 559 3717 592 3776; x_wconf 89' lang='lat' dir='ltr'><strong>B.</strong></span> <span class='ocrx_word' id='word_1_231' title='bbox 615 3717 690 3778; x_wconf 78' lang='lat' dir='ltr'><strong>tte.</strong></span> <span class='ocrx_word' id='word_1_232' title='bbox 715 3718 807 3800; x_wconf 88' lang='lat' dir='ltr'><strong>princ.</strong></span> <span class='ocrx_word' id='word_1_233' title='bbox 828 3729 933 3779; x_wconf 82' lang='lat' dir='ltr'><strong>vetust.</strong></span> <span class='ocrx_word' id='word_1_234' title='bbox 952 3717 1043 3778; x_wconf 81' lang='lat' dir='ltr'><strong>llhol.</strong></span> <span class='ocrx_word' id='word_1_235' title='bbox 1064 3719 1168 3778; x_wconf 76' lang='lat' dir='ltr'><strong>Venet</strong></span> <span class='ocrx_word' id='word_1_236' title='bbox 1187 3717 1211 3775; x_wconf 91' lang='lat' dir='ltr'><strong>l.</strong></span> <span class='ocrx_word' id='word_1_237' title='bbox 1233 3717 1269 3774; x_wconf 90' lang='lat' dir='ltr'><strong>ll.</strong></span> 
     </span>
     <span class='ocr_line' id='line_1_36' title="bbox 251 3795 625 3878; baseline -0.005 -20"><span class='ocrx_word' id='word_1_238' title='bbox 251 3797 318 3859; x_wconf 78' lang='lat' dir='ltr'><strong>Ald.</strong></span> <span class='ocrx_word' id='word_1_239' title='bbox 339 3799 404 3857; x_wconf 86' lang='lat' dir='ltr'><strong>Bas.</strong></span> <span class='ocrx_word' id='word_1_240' title='bbox 423 3798 489 3857; x_wconf 88' lang='lat' dir='ltr'><strong>Par.</strong></span> <span class='ocrx_word' id='word_1_241' title='bbox 511 3795 625 3878; x_wconf 79' lang='lat' dir='ltr'><strong>Gryph.</strong></span> 
     </span>
    </p>
   </div>
   <div class='ocr_carea' id='block_1_14' title="bbox 211 3889 1270 4052">
    <p class='ocr_par' dir='ltr' id='par_1_19' title="bbox 211 3889 1270 4052">
     <span class='ocr_line' id='line_1_37' title="bbox 211 3889 1270 3978; baseline -0.006 -24"><span class='ocrx_word' id='word_1_242' title='bbox 211 3915 277 3954; x_wconf 83' lang='lat' dir='ltr'><strong>nem</strong></span> <span class='ocrx_word' id='word_1_243' title='bbox 297 3893 327 3954; x_wconf 91' lang='lat' dir='ltr'><strong>hi</strong></span> <span class='ocrx_word' id='word_1_244' title='bbox 347 3891 429 3970; x_wconf 85' lang='lat' dir='ltr'><strong>sunt]</strong></span> <span class='ocrx_word' id='word_1_245' title='bbox 463 3892 544 3953; x_wconf 82' lang='lat' dir='ltr'><strong>Flor.</strong></span> <span class='ocrx_word' id='word_1_246' title='bbox 565 3893 655 3978; x_wconf 84' lang='lat' dir='ltr'><strong>Vulg.</strong></span> <span class='ocrx_word' id='word_1_247' title='bbox 675 3892 811 3952; x_wconf 84' lang='lat' dir='ltr'><strong>Vertra&#39;n.</strong></span> <span class='ocrx_word' id='word_1_248' title='bbox 832 3889 951 3972; x_wconf 89' lang='lat' dir='ltr'><strong>Sciopp.</strong></span> <span class='ocrx_word' id='word_1_249' title='bbox 971 3924 1013 3936; x_wconf 96' lang='lat'><em>-</em></span> <span class='ocrx_word' id='word_1_250' title='bbox 1032 3915 1102 3952; x_wconf 73' lang='lat' dir='ltr'><strong>nm</strong></span> <span class='ocrx_word' id='word_1_251' title='bbox 1122 3894 1184 3952; x_wconf 70' lang='lat' dir='ltr'><strong>tier·</strong></span> <span class='ocrx_word' id='word_1_252' title='bbox 1198 3905 1270 3949; x_wconf 74' lang='lat' dir='ltr'><strong>sunt</strong></span> 
     </span>
     <span class='ocr_line' id='line_1_38' title="bbox 253 3971 1270 4052; baseline -0.005 -19"><span class='ocrx_word' id='word_1_253' title='bbox 253 3973 351 4033; x_wconf 71' lang='lat' dir='ltr'><strong>Codex</strong></span> <span class='ocrx_word' id='word_1_254' title='bbox 374 3972 408 4029; x_wconf 85' lang='lat' dir='ltr'><strong>B.</strong></span> <span class='ocrx_word' id='word_1_255' title='bbox 428 4004 469 4018; x_wconf 90' lang='lat'><em>-</em></span> <span class='ocrx_word' id='word_1_256' title='bbox 503 3995 572 4032; x_wconf 80' lang='lat' dir='ltr'><strong>nom</strong></span> <span class='ocrx_word' id='word_1_257' title='bbox 591 3975 618 4033; x_wconf 82' lang='lat' dir='ltr'><strong>c&#39;c&#39;</strong></span> <span class='ocrx_word' id='word_1_258' title='bbox 634 3987 702 4032; x_wconf 76' lang='lat' dir='ltr'><strong>sont</strong></span> <span class='ocrx_word' id='word_1_259' title='bbox 722 3973 817 4031; x_wconf 81' lang='lat' dir='ltr'><strong>Havn.</strong></span> <span class='ocrx_word' id='word_1_260' title='bbox 836 4004 876 4016; x_wconf 94' lang='lat'>—</span> <span class='ocrx_word' id='word_1_261' title='bbox 901 3993 972 4030; x_wconf 81' lang='lat' dir='ltr'><strong>nam</strong></span> <span class='ocrx_word' id='word_1_262' title='bbox 988 3985 1058 4030; x_wconf 80' lang='lat' dir='ltr'><strong>sunt</strong></span> <span class='ocrx_word' id='word_1_263' title='bbox 1077 3971 1154 4033; x_wconf 84' lang='lat' dir='ltr'><strong>Edit</strong></span> <span class='ocrx_word' id='word_1_264' title='bbox 1172 3971 1270 4052; x_wconf 73' lang='lat' dir='ltr'><strong>princ⁴</strong></span> 
     </span>
    </p>
   </div>
   <div class='ocr_carea' id='block_1_15' title="bbox 251 4047 1037 4132">
    <p class='ocr_par' dir='ltr' id='par_1_20' title="bbox 251 4047 1037 4132">
     <span class='ocr_line' id='line_1_39' title="bbox 251 4047 1037 4132; baseline -0.003 -20"><span class='ocrx_word' id='word_1_265' title='bbox 251 4063 310 4112; x_wconf 84' lang='lat' dir='ltr'><strong>vet.</strong></span> <span class='ocrx_word' id='word_1_266' title='bbox 329 4047 418 4110; x_wconf 84' lang='lat' dir='ltr'><strong>Rhol.</strong></span> <span class='ocrx_word' id='word_1_267' title='bbox 438 4049 541 4112; x_wconf 66' lang='lat' dir='ltr'><strong>Nocet.</strong></span> <span class='ocrx_word' id='word_1_268' title='bbox 563 4053 584 4113; x_wconf 94' lang='lat'><strong>1.</strong></span> <span class='ocrx_word' id='word_1_269' title='bbox 606 4053 641 4113; x_wconf 90' lang='lat' dir='ltr'><strong>ll.</strong></span> <span class='ocrx_word' id='word_1_270' title='bbox 662 4050 730 4113; x_wconf 74' lang='lat' dir='ltr'><strong>ald.</strong></span> <span class='ocrx_word' id='word_1_271' title='bbox 751 4051 816 4111; x_wconf 85' lang='lat' dir='ltr'><strong>Bae.</strong></span> <span class='ocrx_word' id='word_1_272' title='bbox 836 4049 908 4110; x_wconf 71' lang='lat' dir='ltr'><strong>Per:</strong></span> <span class='ocrx_word' id='word_1_273' title='bbox 920 4047 1037 4132; x_wconf 85' lang='lat' dir='ltr'><strong>Gryph.</strong></span> 
     </span>
    </p>
   </div>
   <div class='ocr_carea' id='block_1_16' title="bbox 0 0 1314 4672">
    <p class='ocr_par' dir='ltr' id='par_1_21' title="bbox 0 0 1314 4672">
     <span class='ocr_line' id='line_1_40' title="bbox 0 0 1314 4672; baseline 0 0"><span class='ocrx_word' id='word_1_274' title='bbox 0 0 1314 4672; x_wconf 95' lang='lat' dir='ltr'><strong> </strong></span> 
     </span>
    </p>
   </div>
  </div>
 </body>
</html>
