2578 4678
315 273 474 346 'moult
500 229 740 348 octavos.
1004 283 1065 350 lm

28 455 158 554 singulos
179 458 303 532 babent
325 485 421 532 casus
444 447 615 534 utliterae
638 460 800 550 Graecae,
821 487 891 535 nou
915 461 1130 532 dieanturlat

26 563 136 659 Alphe,
169 565 318 660 Alphati,
350 566 536 663 Alphatoe?
580 566 618 636 Si
638 567 726 638 idem
748 567 827 638 mihi
848 565 1063 664 respoudehi-
1202 559 1212 578 ‘

25 685 69 738 tm
87 670 173 768 quod
197 669 336 756 Crateti,
365 698 433 742 non
457 697 532 743 esse
554 671 713 742 voeabula
735 689 868 759 nostra,
886 671 951 743 ned
973 670 1065 768 pedi-

27 791 69 844 tus
90 777 246 866 burhara3
269 799 434 870 quaeram,
457 801 514 845 eur
535 775 623 847 idem
644 793 759 848 nostra
780 777 923 848 nomina·
938 775 1065 848 etPer·

28 905 122 950 sarum
151 897 186 952 et
212 895 394 950 ceterorum
424 907 507 977 quos
529 899 650 953 vocant
671 883 847 976 betheron,
884 909 960 952 cum
982 880 1065 952 casi-

26 985 77 1056 bus
99 973 217 1056 dicant.
278 983 391 1078 Quare
415 985 443 1056 si
466 1002 554 1056 esset
575 987 743 1083 analogia,
777 1003 852 1072 aut,
885 1003 923 1057 ut
943 984 1066 1056 Poeni·

27 1116 90 1160 rum
111 1109 143 1161 et
163 1089 400 1187 Aegyptiorum
415 1090 586 1176 vocabula,
609 1092 745 1188 siugulis
764 1091 892 1164 canibus
909 1091 1066 1189 dicerent,

27 1211 75 1264 aut
93 1196 249 1293 pluribus,
272 1213 309 1266 ut
330 1193 502 1266 Gallorum
524 1221 564 1266 ac
587 1213 799 1270 caeterorum.
844 1194 931 1268 Nam
952 1197 1069 1267 dicunt

27 1299 62 1370 ab
90 1301 207 1371 alauda
233 1300 381 1373 Alaudas
404 1311 438 1372 et'
458 1301 505 1371 sic
523 1301 618 1374 alias.
642 1335 644 1342 ·
677 1303 717 1372 ln
740 1303 829 1402 quod
852 1303 997 1374 enitere
1018 1301 1066 1371 di-

27 1569 143 1632 dicautnr
163 1569 260 1654 alpha,
281 1569 404 1667 aspirati,
423 1568 567 1668 elohatus]
587 1572 669 1634 Flur.
688 1573 783 1634 Havn.
802 1573 872 1634 item
892 1573 922 1634 in
990 1573 1066 1635 orito

59 1652 1067 1815 artearte-ane·annutante-eleuter

58 1810 188 1871 Vertran.
209 1811 327 1892 Seiopp.
346 1845 381 1856 -
412 1811 503 1871 Heur.
525 1809 687 1893 Stephanus
707 1809 842 1894 Appeud.
863 1831 927 1892 pag.
948 1811 976 1872 8.
997 1832 1012 1871 a
1032 1809 1068 1870 li-

58 1888 152 1952 bruriis
172 1893 250 1951 iuter
268 1890 356 1952 verba
377 1894 517 1965 dicontur
535 1903 565 1950 et
584 1892 680 1966 alpha
701 1890 837 1971 quaedam
850 1890 986 1952 excidisse
998 1909 1067 1950 een·

58 1983 106 2044 set,
125 1970 193 2030 talia
212 1971 287 2032 sere:
308 1971 448 2031 dicantur
463 1973 638 2050 perplures
657 1971 799 2048 nealpha
813 1971 970 2047 ululatum
991 1969 1067 2032 idem

58 2051 180 2123 ulphuti
195 2051 361 2110 coniectura
381 2049 520 2131 reposuit.

27 2125 142 2266 Ειὲῑειί]
172 2132 293 2270 §meg
314 2131 338 2189 F
340 2129 445 2192 lorent.
465 2131 560 2191 Havn.
586 2163 630 2184 -.
659 2127 783 2190 Crateri
803 2128 908 2191 Venet.
927 2128 950 2188 l.
970 2129 1008 2189 11.
1025 2129 1068 2182 i·-

78 2213 156 2269 ratei
198 2231 238 2269 ar.

24 2307 76 2346 uon
95 2309 154 2350 ense
175 2209 452 2372 rombulilfh'vutg.
472 2289 609 2349 Vertran.
630 2286 748 2370 Sciopp.
767 2317 809 2334 ·-··
834 2311 891 2348 nun
911 2301 1003 2348 essent
1021 2310 1068 2348 ru·

57 2371 160 2428 cabula
188 2367 269 2430 Flor.
296 2368 369 2430 Cod.
390 2369 424 2428 B.
450 2369 528 2428 Edit.
549 2369 641 2448 princ.
661 2379 767 2428 vetunt.
787 2367 874 2428 Rhol.
894 2367 969 2428 Ven.
990 2367 1012 2426 l.
1031 2367 1069 2426 Il.

59 2479 95 2492 ··-
114 2451 219 2508 sinon
240 2464 331 2508 essent
354 2449 493 2508 vocabula
513 2447 582 2508 ald.
599 2449 665 2516 Bas.
685 2448 751 2508 Par.
771 2445 836 2528 Gry
858 2446 886 2508 h.

26 2547 70 2584 eur
86 2524 180 2608 idem]
205 2525 286 2588 Flor.
307 2527 406 2589 Codex
427 2528 462 2586 B.
483 2527 558 2587 Edit,
581 2527 672 2608 princ.
692 2539 751 2587 vet.
771 2469 860 2586 Ithol.
880 2557 921 2571 -
940 2527 1071 2586 curidem

58 2607 147 2666 llavu.
167 2639 209 2652 -
228 2629 280 2666 cur
298 2609 390 2666 iidem
409 2607 497 2708 vulg.
517 2607 616 2667 Vertr.
637 2605 756 2688 Sciopp.
775 2637 816 2652 -
834 2629 887 2666 cur
905 2608 976 2666 iude
994 2605 1070 2666 Ven.

58 2686 78 2744 l.
97 2687 134 2746 ll.
153 2685 222 2746 Ald.
241 2685 327 2747 Basil.
345 2686 435 2746 Paris.
456 2686 571 2768 (erplr.

24 2761 394 2934 tutotuto-tt
411 2767 648 2906 tetum
667 2844 760 2905 nm.
1017 2920 1025 2935 ,

25 2943 44 2980 tt
61 2937 134 2985 esset
153 2921 301 3007 analogia]
321 2924 389 2985 Ald.
408 2957 449 2971 -
467 2927 497 2984 si
508 2939 579 2982 esset
594 2927 625 2984 t'n
637 2925 785 3005 analogia
804 2923 829 2981 F
830 2921 885 2982 lor.
904 2917 960 2981 Ed.
1016 2941 1071 2982 tue.

58 3016 114 3064 ret.
133 3035 176 3050 --
194 3007 225 3062 si
241 3007 382 3063 cusentin
401 3006 550 3084 analogia
569 3004 663 3064 anu.
683 2999 772 3064 Rtot.
793 3002 897 3062 Veuet
918 3001 941 3060 1.
962 3001 997 3062 l.
1040 3055 1043 3063 .

24 3093 67 3140 aut
85 3095 118 3144 ut
137 3079 315 3166 Poenicum]
346 3083 426 3144 Flor.
447 3085 541 3144 Havn.
560 3115 601 3130 ·-
617 3097 674 3172 gent
692 3084 878 3158 ,avenicorum
896 3079 966 3140 Ald.
985 3077 1073 3155 Banil.

57 3161 122 3222 Par.
143 3162 175 3222 G
232 3162 261 3222 h.
280 3195 320 3208 -
341 3179 395 3223 ant
415 3179 448 3223 ut
468 3163 661 3228 Poenicorum
679 3160 792 3240 reliqui.

24 3237 163 3322 dicerent]
221 3254 317 3312 orent.
337 3241 429 3304 Ha'vu.
449 3241 539 3302 Rhol.
559 3242 669 3302 Venet·
684 3242 705 3301 l.
726 3242 762 3300 ll.
782 3272 823 3287 -
843 3238 976 3300 dicentur
994 3235 1073 3297 Edit.

57 3321 149 3400 princ.
170 3334 228 3382 vet.
247 3355 288 3368 -
309 3323 474 3381 dicerentur
492 3321 544 3381 reli
567 3320 605 3380 ui.
999 3337 1002 3346 ’

24 3417 52 3458 ac
70 3413 252 3464 caeterorum
291 3415 320 3459 et
339 3399 439 3461 scribit
459 3397 534 3461 Cod.
547 3343 589 3460 lt.
610 3399 726 3482 Vulgat.
746 3397 881 3459 Vertran.
902 3395 1020 3532 Sciopg.
1124 3463 1128 3470 ,

24 3475 53 3536 ab
72 3479 173 3542 alauda
192 3479 254 3544 alan
275 3475 321 3562 as]
355 3480 459 3564 Scalig.
478 3511 519 3524 -
545 3483 582 3538 ab
602 3480 689 3538 alato
710 3480 815 3538 alatus
836 3476 908 3538 cod.
931 3477 964 3535 B.
1014 3459 1074 3558 ulg-

59 3559 159 3620 Verte.
181 3560 301 3644 Sciopp.
321 3591 361 3606 ·-·
395 3563 433 3620 ab
454 3561 545 3618 alouc
565 3560 689 3620 aluntur
708 3557 761 3617 Ed.
802 3556 873 3616 rinc.
892 3567 951 3616 vet.
970 3587 1011 3626 -,-
1036 3579 1055 3613 u

57 3640 153 3700 alatro
174 3641 299 3700 alaucus
318 3637 407 3699 Rhul.
427 3639 501 3699 Veu'.
516 3639 543 3696 t.
565 3637 600 3696 ll.
621 3633 690 3698 Ald.
708 3580 801 3696 Basti
813 3635 878 3695 Par.
899 3632 1015 3716 Gryph‘.
1034 3665 1075 3714 5-

58 3741 78 3776 a
103 3721 190 3784 laceo
210 3721 336 3780 alarcos
355 3719 466 3795 Herm,
499 3727 530 3778 et
549 3729 629 3799 a'pr.
650 3737 688 3774 m.
709 3719 859 3776 ululatus.
878 3747 919 3762 -
952 3737 972 3774 a
994 3704 1098 3774 lacco·

58 3799 186 3858 alamus
203 3797 285 3859 Flor.
793 3805 796 3813 '

22 3875 151 3956 iuquod
169 3872 316 3962 scribent]
350 3878 386 3937 id
404 3879 485 3955 quud
500 3877 626 3936 scribent
644 3871 766 3960 August.
788 3873 818 3933 in
838 3870 982 3956 margine,
1000 3869 1079 3930 Ver·
1117 3873 1121 3882 “

57 3967 135 4018 tran.
156 3989 197 4004 -
216 3959 288 4018 inde
307 3961 389 4036 quud
404 3958 529 4018 scribent
552 3953 652 4018 Codex
671 3956 707 4015 B.
727 3987 767 4000 -
785 3956 832 4014 ein
852 3953 934 4031 quud
950 3950 1080 4010 scribunt

58 4035 183 4120 Poprna,
203 4037 253 4120 qui
272 4036 355 4120 quod
372 4034 444 4098 dicit
457 4037 542 4118 uulgo
557 4033 614 4121 legi
626 4036 768 4107 scribunt,
784 4033 848 4116 ipre
859 4029 956 4102 ¹fluxim
975 4045 1080 4089 omues
1197 4065 1198 4070 κ
