2578 4678
193 295 198 302 ·
241 299 303 363 ιιι
597 295 742 358 cinna
773 293 946 389 nunus.

244 469 362 546 cabula
384 473 562 566 singularia
583 474 650 544 sint
670 471 779 544 solunt
801 488 838 543 ut
860 471 973 556 Cicer,
1004 472 1070 543 alia
1092 471 1248 542 multitudinis

246 577 353 651 sulum
377 594 413 647 ut
435 575 563 663 Scalae,
584 601 671 650 curu
685 577 857 648 debuerint
878 578 991 648 omnia
1012 601 1090 648 esse
1112 577 1250 672 dupliciter

244 683 362 780 Equus
385 681 482 778 Equi,
506 683 678 777 analogiae
700 682 951 753 fundamentum
974 707 1049 752 esse
1073 681 1249 752 obliviccmtu

233 805 408 860 naturam.
430 783 517 884 Nam
539 803 573 858 et
594 813 657 858 usn
680 787 845 882 singulare
864 804 929 873 est,
950 787 1041 884 quud
1064 803 1172 856 natura
1188 813 1250 854 mun

248 892 411 986 significat
437 908 474 961 ut
500 891 632 989 Equus,
670 909 727 962 ant
748 891 838 988 quod
861 892 1035 962 coniuncta
1058 889 1248 986 quodamnodo

250 1003 291 1068 ad
314 1023 416 1066 unum
439 1021 535 1066 nsum
557 1015 593 1068 ut
606 998 731 1093 Bigac:
753 997 864 1093 itaque
886 995 1022 1066 dicimus
1039 995 1118 1066 Una
1130 1019 1212 1078 muta
1225 995 1251 1060 ric

235 1101 388 1172 ‘dicimus
411 1099 508 1172 Unae
531 1103 638 1198 bigae.
681 1099 902 1173 Multitudinis
926 1099 1087 1172 vocabula
1108 1116 1176 1169 snut
1191 1122 1251 1167 unm

201 1195 206 1234 ³
250 1205 412 1277 inlinitum
433 1221 470 1274 nt
491 1207 630 1292 Musae,
654 1204 790 1276 alterum
812 1206 938 1276 linitum
959 1221 996 1274 ut
1017 1204 1104 1289 duo,
1124 1223 1192 1287 tres,
1206 1227 1252 1299 qur

251 1327 340 1394 tuor3
378 1309 515 1380 dicimus
540 1311 627 1380 enim
650 1326 688 1380 nt
709 1311 770 1380 bae
793 1311 932 1395 Musae,
968 1307 1016 1378 sic
1036 1333 1124 1380 uuae
1144 1309 1251 1401 Bigacd

252 1417 349 1486 binae
372 1432 406 1486 ct
425 1415 529 1486 trinae
552 1415 675 1510 Bigaet
697 1415 745 1486 sic
768 1413 935 1510 deinceps.
980 1411 1099 1504 Quare
1120 1431 1179 1483 tam
1195 1411 1252 1482 Une

255 1537 288 1592 et
315 1519 384 1590 Uni
411 1536 444 1590 et
471 1517 549 1590 Una
584 1519 830 1615 quodammodo
865 1519 1043 1615 singularia
1077 1535 1165 1604 sunt,
1194 1540 1253 1614 qun

254 1623 353 1694 Unus
383 1640 416 1695 et
443 1623 521 1694 Una
551 1639 585 1694 et
611 1624 739 1710 Unum,
773 1625 836 1694 boc
862 1625 964 1695 modu
990 1639 1110 1708 mutat,
1146 1617 1253 1718 qnudal

194 1739 247 1794 lttt
258 1747 328 1800 tera
349 1728 383 1798 in
406 1727 640 1824 singularibus,
678 1728 778 1799 altera
800 1729 835 1798 in
857 1727 1037 1800 coniunctis
1060 1729 1169 1812 rebus,
1197 1737 1255 1796 ctu

184 1834 355 1920 tlt)Dno‚
394 1833 477 1904 Tria
499 1850 576 1903 sunt
597 1831 826 1918 multitudinis,
863 1833 910 1904 sic
932 1835 1040 1920 Bina,
1077 1832 1181 1904 Trina
1223 1827 1256 1895 bt

257 1937 386 2011 tertium
419 1964 551 2034 qnoque
589 1963 694 2034 genus
732 1937 915 2034 singulare,
950 1955 988 2010 ut
1025 1938 1060 2008 iu
1094 1933 1256 2010 multitudiue

271 2245 278 2256 ,
297 2199 414 2298 vulgat.
434 2199 533 2260 Vertr.
554 2197 673 2282 Sciopp.
692 2232 734 2248 -
758 2201 814 2279 qui
829 2213 892 2296 tam
910 2221 961 2262 eas
980 2197 1062 2262 Flur.
1082 2197 1151 2262 (lod.
1167 2196 1198 2256 lt
1212 2189 1258 2252 [dl

256 2289 594 2454 affigit-Hm
613 2374 706 2435 Havn.
727 2373 801 2436 cod.
821 2375 857 2435 B.
876 2374 953 2436 Edit.
972 2373 1066 2457 princ.
1085 2386 1140 2436 eet
1157 2367 1259 2431 utst-

295 2469 364 2515 sunt
382 2457 479 2515 sulum
497 2453 611 2540 reliqui.

258 2546 426 2629 debuerint]
457 2551 616 2610 debuerunt
634 2547 708 2609 Cod.
728 2549 763 2608 Β.
784 2561 814 2610 et
832 2549 955 2636 August.
975 2549 1004 2608 in
1026 2548 1142 2611 Eucud.
1159 2567 1189 2608 cx
1205 2539 1260 2602 lbu's

259 2628 354 2692 omnia
374 2626 450 2708 esse]
471 2627 549 2688 Flor.
573 2627 665 2688 llavn.
687 2652 806 2690 -esse
826 2633 924 2690 omnia
944 2629 1056 2712 reliqui

260 2722 294 2771 ut
313 2705 418 2788 equus]
441 2731 529 2785 equus
548 2707 641 2768 Hann-

124 2791 130 2803 ’
260 2787 341 2870 equi]
363 2789 449 2866 equet'
465 2785 552 2870 Vulg.
1242 2855 1248 2868 ι

259 2880 391 2929 naturam
413 2913 419 2926 .
440 2863 522 2958 nam]
556 2865 630 2926 Coc
649 2865 685 2926 B.
704 2865 791 2952 Vulg.
813 2865 913 2928 Vertr.
933 2866 1051 2950 Sciopp.
1070 2899 1108 2913 -
1133 2885 1193 2926 m
1207 2865 1264 2918 Μ

298 2959 367 3009 lunl
385 2957 483 3007 celeri.

260 3055 292 3106 ct
311 3065 363 3137 usu
383 3037 544 3139 singulare]
565 3054 598 3101 ut
619 3063 687 3135 usus
705 3041 888 3136 singularem
907 3041 1001 3106 Havu.

260 3135 295 3184 ut
313 3120 412 3216 bigae]
433 3136 465 3182 ut
486 3124 572 3200 adige
592 3120 669 3181 Edit.
689 3141 781 3202 punc.
801 3133 858 3182 vet.
1227 3191 1233 3204 Δ

259 3201 356 3283 itaque
376 3199 510 3282 ducimus]
531 3201 556 3262 F
557 3211 614 3262 ort
635 3201 736 3278 itaque
754 3213 787 3260 ut
808 3201 941 3262 dica'mus.
954 3233 995 3248 -
1014 3200 1115 3278 itaque
1134 3241 1142 3258 .
1161 3239 1170 3256 ·
1186 3239 1193 3254 ·
1208 3195 1267 3269 ὄψ’

260 3281 534 3455 ιιῑοιιίῃιιιιεῗιῖἲιᾰιιο
555 3371 629 3435 Cod.
649 3373 685 3434 B.
705 3373 763 3434 Vul
786 3421 792 3435 .
813 3373 913 3436 Verte.
933 3375 1054 3458 Sciopp.

261 3467 291 3517 et
310 3455 403 3516 trinae
423 3451 521 3536 bigae]
542 3469 571 3514 et
592 3473 647 3514 om.
669 3453 744 3516 cod.
764 3395 799 3514 Η.

260 3547 374 3674 nnete?
383 3525 529 3673 1ιὶιιζιιίὲιιιιί
546 3547 575 3594 ct
595 3556 671 3594 uuae
690 3531 765 3595 coc
784 3533 820 3594 Β.
840 3531 928 3619 Vulg.
948 3533 1056 3613 (unet),
1074 3533 1169 3594 Vere.
1187 3525 1249 3586 5⁰⁰¹

301 3635 317 3675 c
363 3632 381 3672 ο
470 3633 535 3676 arn.

260 3721 292 3771 et
310 3730 367 3804 uua
386 3705 432 3787 ct]
448 3709 482 3768 ,1⁴⁸
483 3707 538 3769 lor.
558 3707 634 3770 Cod.
653 3707 688 3768 B.
709 3703 787 3768 Edit.
806 3707 898 3790 princ.
918 3719 978 3770 vet.
996 3707 1083 3770 llbul.
1102 3697 1268 3844 anffltffl

299 3789 419 3950 (δὶοῐιξέζ.
438 3819 480 3834 -
511 3809 573 3848 una
591 3803 621 3882 ct
640 3787 735 3848 Havn.
755 3801 783 3847 et
802 3809 862 3846 una
885 3787 956 3849 Ven.
977 3789 1000 3848 l.
1021 3791 1056 3910 ll.
1073 3785 1137 3850 Ald.
1232 3774 1269 3834 ΡΗ

260 3959 436 4042 coniunctis]
458 3963 636 4028 cenr‘uucter's
656 3961 743 4046 Vulg.

261 4042 378 4106 tertium
398 4037 532 4124 quoqne]
555 4043 730 4119 tereticmque
748 4043 841 4105 Havn.
