2722 4676
221 246 267 360 ro
554 287 941 368 nmuuournnus.

220 469 282 542 mit
303 465 423 540 oblivio
444 463 598 566 fugitiva,
628 482 741 540 secuta
762 463 919 538 sedulitas
941 463 1032 536 Muti
1054 479 1087 538 et
1106 465 1202 538 Bruti
1221 493 1267 540 re·

222 573 350 646 trahere
372 572 497 670 nequit.
548 569 626 644 Non
649 570 679 644 si
699 597 769 644 non
791 586 930 668 potuero
952 569 1125 667 indagare,
1154 598 1194 644 eo
1215 599 1268 646 ero

223 679 365 770 tardior3
387 677 449 748 sed
469 674 615 748 volocior
634 676 730 765 ideo,
763 676 792 746 si
815 675 967 773 quiver03
989 700 1059 748 non
1080 675 1269 750 mediocreis

224 785 313 856 enim
333 781 489 854 tenebrae
509 781 546 852 in
568 780 668 868 silva,
702 780 761 852 uti
781 779 865 851 haec
887 779 1067 875 captanda3
1106 807 1212 880 neque
1232 809 1269 856 eo

224 914 291 985 quo
318 887 487 983 pervenire
510 885 674 971 volumus,
712 883 848 957 semitae
871 884 983 972 tu'tao3
1021 911 1130 982 neque
1152 913 1220 960 nou
1238 887 1271 958 in

222 992 405 1064 tramitibus
429 991 591 1090 quaedam
613 988 753 1076 obiecta,
776 1012 860 1085 quae
885 1005 1017 1060 euntem
1037 990 1177 1063 retinere
1198 1017 1271 1088 pos·

223 1113 307 1168 sent.
367 1093 521 1184 Quorum
548 1093 721 1165 verborum
748 1119 910 1164 novorum
933 1109 966 1166 et
986 1110 1132 1166 veterum
1154 1097 1272 1168 discor·

120 1205 123 1214 '
193 1202 279 1285 5dia
309 1199 415 1272 omnio
438 1199 472 1270 in
495 1198 732 1271 consuetudine
756 1198 934 1270 communi.
993 1197 1089 1290 Quot
1108 1201 1214 1274 modis
1236 1201 1271 1271 li·

224 1295 367 1377 terarum
396 1303 608 1375 commutatio
637 1302 679 1375 uit
698 1302 786 1374 [acta
808 1303 864 1400 qni
886 1301 1163 1393 animadverterit,
1196 1304 1272 1378 iaci·

223 1496 354 1638 suffitiva,
373 1506 469 1557 menta
515 1493 647 1558 Floreut
672 1494 766 1554 Havn.
793 1493 938 1558 Rholnud.
963 1493 1068 1558 Venet
1094 1497 1118 1557 1.
1145 1495 1182 1556 11.
1207 1491 1272 1558 tlt.

290 1598 328 1638 ae.
358 1575 425 1637 Par.
482 1574 566 1658 ryph.
598 1571 690 1712 anffii
717 1572 854 1635 Vertran.
884 1607 925 1622 -
955 1577 1047 1657 sugit
1076 1590 1177 1636 secuta
1202 1573 1273 1638 Cod.

264 1656 300 1716 Β.
324 1687 365 1702 -
388 1657 500 1736 fugiat
532 1669 647 1716 secuta·
691 1651 742 1714 dit.
774 1653 866 1736 princ.
896 1665 1002 1716 vetunt.
1025 1685 1065 1701 —
1087 1655 1224 1737 figitiva
1247 1656 1278 1718 si

264 1731 396 1800 Turneb.
415 1765 455 1781 -
475 1747 508 1794 ut
582 1735 655 1793 itinn
674 1745 772 1793 secuto
793 1733 912 1815 Sciopp.

223 1814 358 1876 sedulitas
395 1737 643 1874 sodolr'tffidit
663 1811 756 1908 princ.
775 1823 880 1874 vetust.

224 1889 320 1976 Muti]
346 1895 364 1954 l
382 1903 475 1953 orent
501 1893 594 1952 Havn.
616 1890 698 1954 Edit.
715 1891 808 2030 Briuc.
831 1903 934 1953 vetust.
959 1924 1000 1939 -
1022 1893 1117 1955 Mutii
1131 1891 1276 1955 liholrnd.

264 1972 370 2034 Venet.
400 1973 422 2031 1.
449 1973 485 2032 ll.
521 1971 589 2032 ald.
620 1969 684 2034 Bas.
740 1993 781 2032 ar.
814 1967 928 2054 Gryph.
953 1970 1088 2034 Verum.
1111 2006 1153 2020 —
1183 1974 1281 2036 Mucii

265 2051 339 2114 cod.
359 2052 394 2111 B.
414 2050 502 2134 Vulg.
521 2051 639 2132 Sciopp.

224 2143 257 2194 et
274 2130 360 2192 Bruti
398 2129 531 2190 Barbuti
541 2131 633 2190 Havn.
643 2149 658 2190 a
668 2152 712 2211 pr.
722 2149 817 2205 mann,
837 2129 867 2189 in
882 2150 941 2211 quo
956 2129 1026 2192 iort.
1040 2151 1077 2191 uc
1089 2130 1192 2194 Bruti.

224 2209 373 2274 retrahere
412 2223 441 2268 et
461 2211 613 2270 retrudere
632 2206 705 2270 Cod.
725 2209 759 2271 B.
778 2209 857 2272 Edit.
879 2209 973 2292 princ.
992 2221 1098 2276 vetunt.

224 2286 345 2372 nequit]
366 2289 480 2366 nequiit
499 2287 617 2371 Sciopp.
774 2355 776 2358 ,

225 2371 330 2464 sinon
350 2363 494 2465 potuero]
514 2369 544 2436 n·
556 2383 680 2468 potuero
700 2367 833 2462 Turnehi
853 2365 928 2432 cod.

224 2443 412 2608 tettan
428 2445 942 2610 retinentem,

225 2604 257 2666 ln
276 2603 456 2689 tramitibus]
476 2607 655 2666 intrantibus
674 2604 805 2668 Turnebl
825 2605 899 2668 (lod.

225 2683 340 2766 objecta
385 2687 500 2746 oblecta
520 2683 594 2746 Cod.
614 2686 648 2746 B.

138 2777 141 2786 “
225 2775 343 2826 euntem
382 2766 503 2825 eundem
522 2763 638 2846 Grypln

224 2855 345 2926 possent
383 2845 499 2920 possint
518 2843 671 2928 Augustin.
691 2844 721 2905 in
742 2844 893 2907 Emendat.
917 2855 948 2906 et
972 2845 1013 2907 ita
1038 2844 1191 2928 Scioppius
1217 2846 1285 2908 edi-

266 2923 325 3000 dit,
344 2944 376 2991 ιιι
394 2923 475 2984 cuiun
494 2923 631 3000 editione,
650 2924 705 2984 iam
724 2924 813 2987 verba
830 2928 886 2986 scd
908 2947 982 2999 non,
1007 2925 1038 2988 si
1063 2948 1121 2987 non
1147 2957 1188 2972 -
1212 2926 1290 3004 qui.

266 3025 330 3064 nero
351 3023 437 3085 supra
456 3003 558 3064 omissa
578 3002 625 3063 hie
643 3015 810 3084 sequuntur.

226 3102 352 3164 quorum
364 3078 538 3166 verborum]
558 3083 582 3143 F
584 3081 687 3144 lorent.
700 3083 795 3145 Havn.
815 3081 929 3144 colu.
949 3081 1081 3144 Tumehi
1094 3081 1179 3158 liber,
1197 3080 1287 3145 Edit.

286 3160 356 3222 rinc.
388 3173 493 3224 vetust.
522 3197 562 3208 -
601 3164 741 3240 quoniam
771 3165 918 3224 verborum
947 3160 1091 3224 lttotmd.
1120 3161 1228 3225 Venet.
1261 3165 1287 3226 l.

264 3183 470 3302 l1.Atd.Bas.
491 3241 579 3303 Paria.
601 3241 715 3323 Gryph.
738 3240 825 3326 Vulg.
846 3240 946 3304 Vertr.
966 3241 1084 3324 Sciopp.

225 3315 337 3401 omnia]
359 3340 416 3380 om.
436 3319 512 3380 Edit.
553 3319 624 3380 rinc.
643 3332 747 3382 vetunt.

225 3398 371 3459 communi
423 3397 497 3460 Cod.
548 3443 556 3458 .
586 3399 680 3460 Havn.
710 3397 853 3460 llholand.
877 3399 982 3462 Venet.
1006 3401 1029 3460 l.
1056 3402 1092 3461 11.
1119 3397 1185 3461 Ald
1214 3400 1290 3462 Bas.

265 3477 330 3537 Par.
394 3476 477 3558 ryph.
507 3475 594 3561 Vulg.
627 3476 726 3540 Vertr.
759 3479 878 3563 Sciopp.
902 3513 943 3528 -
976 3482 1057 3542 omni
1079 3477 1156 3542 Edit.
1183 3479 1291 3562 princ.

264 3567 368 3618 vetmt
387 3589 428 3604 -
448 3577 505 3618 om.
525 3555 655 3620 Florent

224 3630 336 3717 modis]
360 3638 471 3697 modeis
489 3635 607 3720 Vulgat.

223 3710 392 3797 literarum]
423 3713 541 3797 plurimi
566 3737 631 3778 cum
657 3715 788 3780 Floreut.
814 3747 856 3765 ·-·
883 3719 1057 3780 litterarior
1081 3715 1159 3780 Edit.
1181 3719 1294 3800 princ.

264 3805 321 3855 vet
341 3794 445 3856 Venet
464 3796 486 3855 l.
506 3793 593 3879 Vulg.

224 3870 450 3958 commentatio]
488 3876 664 3936 conmutatio
699 3874 832 3938 Florent.
867 3873 946 3939 Edit.
978 3875 1070 3960 princ.
1100 3887 1210 3940 vetust.
1246 3911 1298 3928 -·

264 3956 428 4014 coniunctio
449 3952 549 4016 Codex
569 3954 603 4014 B.

222 4029 475 4116 animadverterit]
495 4033 707 4096 animadvertit
726 4035 821 4099 ΗΜ.
