2722 4676
236 325 276 388 lt)
567 322 709 386 LIBER
728 320 955 399 QUINTUS.

234 504 281 566 eni
299 506 384 588 adjun
406 506 496 570 endns
515 505 607 569 Gellii
626 505 707 567 locus
725 507 782 583 111,
801 507 831 568 3.
850 524 916 589 pag.
935 507 996 568 27⁰
1016 505 1121 568 Cunna

272 587 309 647 In
339 611 371 647 eo
395 611 439 648 em
467 590 545 648 libro
577 589 724 648 Varronis
753 589 791 648 id
818 609 932 664 quoque
958 589 1100 662 seriptum
1125 582 1285 647 Plautium

262 668 365 745 sus'sse
390 669 555 744 quempiam
570 680 691 742 poetam
702 668 941 741 comoediarum,
974 669 1056 726 cuius
1076 667 1215 743 quoniam
1225 666 1283 741 sa·

271 747 361 806 balae
372 747 512 807 PLAUT
507 748 528 806 I
544 747 706 821 inscriptae
717 749 831 824 forent,
853 760 989 822 acceptas
1007 769 1068 806 esse
1088 747 1177 823 quasi
1186 745 1283 805 Plau-

270 828 367 964 lim,
388 847 451 885 cum
470 840 562 887 essent
584 849 641 886 non
661 849 681 884 a
701 825 816 886 Plauto
836 825 1019 899 Plautinae,
1044 829 1100 886 sed
1116 850 1138 885 a
1156 825 1283 885 Plautio

300 907 467 965 laestianae.

309 1006 361 1068 llla
392 1009 540 1090 superiora
571 1007 712 1068 Varronis
737 1005 825 1069 verba
852 1005 887 1067 ab
912 1007 1088 1086 adversario,
1122 1005 1283 1092 analogiam

230 1107 291 1150 esse
311 1087 416 1166 quine
439 1101 516 1164 aret,
545 1110 606 1148 non
627 1109 662 1148 ex
682 1087 808 1148 auctoris
827 1087 920 1148 nostri
940 1099 1051 1165 mente,
1082 1087 1133 1168 qni
1152 1109 1212 1148 eam
1234 1087 1283 1148 de-

229 1166 375 1244 fenderet,
409 1109 483 1228 ileu
508 1189 568 1228 esse
588 1166 759 1237 tenendum
793 1189 878 1247 quem
903 1166 979 1226 haud
999 1167 1058 1227 scio
1079 1189 1115 1228 an
1134 1167 1193 1248 ipsa
1213 1165 1283 1225 haee

228 1245 312 1306 analo
335 1247 360 1306 ia
379 1245 498 1308 alteram
517 1259 552 1306 ut
570 1246 723 1308 reduceret
744 1247 864 1307 sormam
883 1259 945 1307 tum
965 1247 1059 1308 minus
1077 1247 1210 1308 usitatam
1230 1244 1283 1305 du-

227 1325 297 1406 plici
314 1267 351 1400 1,
385 1326 591 1402 commoverit,
624 1346 696 1406 quae
723 1325 798 1386 libro
824 1326 875 1386 lx.
900 1325 935 1386 de
963 1326 1049 1409 Ling.
1079 1325 1144 1386 Lat.
1175 1326 1283 1385 inserta

229 1425 294 1464 eum
321 1405 381 1465 aliis
408 1406 591 1481 exciderunt,
624 1405 673 1466 sed
698 1404 764 1465 inde
789 1405 910 1467 fortasse
935 1419 1045 1467 servata
1070 1427 1085 1466 a
1106 1403 1238 1466 Charisia
1259 1404 1282 1481 1,

228 1484 268 1545 59
288 1505 318 1544 se
340 1507 368 1564 q.
389 1485 455 1546 talia
474 1485 550 1546 enim
570 1505 602 1544 ae
625 1483 734 1544 nalibus
754 1485 811 1546 suis
832 1486 926 1552 Varro
946 1485 1104 1566 praecepit:

266 1507 429 1637 LUb'lUS,
463 1507 662 1626 AEtttLlltS
688 1578 717 1626 et
735 1580 832 1625 cetera
853 1567 971 1624 nomino
992 1586 1068 1642 quae
1086 1579 1157 1626 ante
1177 1563 1209 1625 11
1225 1563 1280 1623 bo·

267 1645 334 1704 bent
354 1645 387 1714 1,
408 1645 561 1722 duplici!
574 1645 703 1725 genitivo
723 1645 877 1725 singulari
885 1645 980 1723 finiri
997 1647 1112 1714 debent,
1138 1641 1210 1723 ια’)
1231 1665 1280 1702 ne·

187 1756 190 1766 v
266 1745 343 1784 cesse
361 1725 401 1783 sit
418 1727 557 1784 adversus
577 1725 804 1784 observationem
824 1725 1002 1784 nominativo
1023 1747 1080 1783 non
1089 1721 1117 1802 ²)
1138 1725 1281 1783 minorem

257 1803 336 1882 fieri
353 1805 531 1884 genitivum,-
561 1805 651 1881 idque
674 1803 809 1864 VARRO
835 1807 959 1863 tradens
984 1804 1095 1864 adiecit
1122 1803 1281 1864 vocativum

268 1905 380 1960 quoque
392 1881 418 1962 ³)
447 1885 631 1965 singularem
655 1885 765 1942 talium
784 1885 931 1943 nominum
946 1907 1003 1960 per
1023 1884 1135 1959 duplex
1153 1881 1174 1942 Ι
1188 1882 1284 1941 scribi

267 1976 412 2036 oportere,
437 1967 493 2023 sed
506 1978 631 2040 propter
650 1963 859 2042 disserentium
879 1986 997 2023 casuum
1016 1961 1174 2039 corrtpi‘).
1212 1961 1281 2021 LU-

267 2039 401 2102 ClLlUS
421 2057 520 2103 tomen
540 2057 568 2102 et
585 2065 642 2120 per
661 2065 749 2101 unrsm
768 2043 788 2102 1
804 2044 836 2102 in
852 2045 983 2124 genitiva
1002 2043 1095 2102 scribi
1108 2063 1193 2119 posse
1213 2041 1280 2101 exi·

264 2123 386 2196 είίιηαίς
407 2125 452 2183 ait
473 2123 550 2182 enim

485 2203 627 2262 servandi
644 2201 759 2260 numeri
776 2215 804 2262 et
827 2225 920 2262 versus
931 2201 1077 2279 sociendi

345 2280 410 2341 Nos
430 2277 530 2352 Caeli,
556 2281 698 2353 Numeri,
719 2303 867 2340 numerum
886 2296 914 2340 et
935 2303 1076 2340 servemus
1095 2281 1280 2358 modumque.

303 2357 466 2438 Nunquam
486 2361 561 2419 enim
582 2360 636 2420 boc
656 2361 805 2420 intulisset
825 2360 886 2419 nisi
903 2373 932 2419 et
957 2359 1131 2419 Numerium
1146 2383 1202 2435 per
1221 2361 1280 2417 du-

261 2440 338 2515 plex
363 2440 383 2499 1
405 2440 492 2499 buius
516 2439 657 2500 Neomerii
669 2440 849 2518 faciendum
874 2441 1065 2499 crederet...
1104 2437 1280 2499 PLINIUS

265 2539 378 2595 quoque
391 2520 477 2578 dubii
486 2521 626 2578 sermonis
642 2521 745 2596 quinta
760 2521 835 2580 dicit
849 2541 909 2578 esse
922 2521 1040 2596 quidem
1059 2519 1206 2579 rationem
1221 2540 1281 2594 per

266 2599 323 2657 duo
355 2598 377 2658 I
400 2599 562 2669 scribendi,
595 2601 649 2657 sed
676 2601 774 2658 multa
804 2600 866 2658 iam
895 2599 1101 2657 consuetudine
1130 2599 1280 2674 superori.

263 2675 363 2737 l'arro
390 2675 505 2754 enim⁵)
533 2678 696 2753 opinionem
722 2679 758 2738 de
784 2678 910 2737 vocativo
927 2675 953 2756 ⁶)
974 2698 1044 2736 casu
1064 2679 1211 2737 traditam
1230 2679 1281 2736 in·

253 2758 381 2835 firmat,
415 2757 496 2832 quod
519 2756 568 2815 bic
586 2756 678 2827 Pius,
712 2757 800 2816 huius
817 2756 875 2816 Pii
892 2770 921 2816 et
941 2757 1068 2816 vocativo
1088 2757 1144 2815 Pii
1151 2757 1281 2834 sociat,-

262 2835 330 2895 ideo
351 2837 428 2895 enim
446 2857 558 2910 semper
579 2837 724 2896 vocativus
743 2859 827 2896 casus
852 2837 976 2896 candem
999 2836 1178 2912 scripturam
1191 2837 1280 2914 pati-

262 2928 314 2974 tur
333 2939 423 2992 orsam
439 2916 587 2996 genitivus
596 2913 633 2994 l).

301 3015 443 3078 VARRO
464 3017 558 3101 igitur
577 3029 611 3078 ut
630 3039 665 3079 ex
686 3016 743 3079 hoe
762 3039 777 3080 a
799 3019 982 3100 parathen,
1007 3018 1116 3102 primus
1137 3016 1207 3093 tuit,
1228 3017 1283 3099 qni

221 3095 341 3180 vulgato
357 3109 426 3158 tunc
438 3119 490 3158 usu
511 3097 620 3158 reiecto
641 3096 758 3158 alteram
779 3041 902 3160 immam
920 3099 1037 3161 minime
1058 3097 1172 3179 quidem
1192 3097 1283 3181 iguo-

221 3187 295 3248 tam,
330 3177 380 3236 sed
410 3198 471 3236 non
495 3197 585 3258 aeque
612 3177 822 3258 frequentatam
849 3177 997 3260 probaret.
1045 3177 1149 3258 Neque
1174 3177 1285 3240 desunt

221 3254 322 3316 similia
342 3254 477 3336 exempla.
513 3257 601 3318 lulius
622 3257 727 3318 Caesar
746 3259 898 3318 illusimus
918 3261 1054 3335 Optimus
1073 3268 1138 3332 ete„
1157 3269 1188 3318 et
1207 3278 1285 3338 pro-

220 3333 364 3396 nuntiavit
384 3347 415 3395 et
434 3335 559 3416 scripsit;
589 3337 655 3399 inde
676 3350 799 3420 propter
819 3337 893 3398 tanti
912 3337 969 3402 viri
987 3338 1187 3400 auctoritatem
1207 3358 1286 3398 con·

220 3515 249 3574 1)
272 3527 303 3570 ut
320 3537 372 3571 om.
391 3517 463 3574 Edit.
482 3519 568 3592 princ,

219 3588 249 3647 2)
272 3607 328 3640 non
346 3609 398 3644 om.
416 3591 488 3645 Edit
507 3594 593 3662 princ.

218 3655 250 3722 3)
275 3663 389 3714 tradens
406 3666 492 3716 adicit
510 3685 580 3737 quoe
597 3663 669 3717 Edit.
688 3663 773 3736 peine.

218 3727 249 3784 ⁴1)
271 3731 358 3783 scribi
373 3733 472 3786 debere
480 3735 660 3808 frequentius
677 3757 771 3790 casum
789 3742 903 3809 corrupi
918 3737 989 3790 Edit.
1009 3734 1094 3808 princ.

218 3795 248 3864 5)
275 3799 369 3855 Varro
388 3808 460 3856 enim
478 3825 532 3857 om.
551 3805 623 3858 Edit.
641 3807 727 3877 princ.

218 3869 249 3929 6)
269 3877 392 3940 genitivo
411 3873 482 3928 Edit.
501 3875 587 3944 princ.
786 3935 790 3942 Δ

218 3938 248 4007 ’1)
271 3943 316 3996 bie
328 3949 395 4015 pius
412 3949 441 3996 in
460 3950 582 3998 vocativo
596 3951 642 4017 pii
648 3947 775 4018 suriant,
799 3951 868 4002 odeo
887 3953 959 4003 enim
977 3969 1032 4002 non
1049 3968 1157 4018 semper
1176 3955 1292 4002 voeati-

272 4033 320 4097 vus
348 4035 428 4068 cassu
459 4017 575 4068 eundern
603 4029 735 4072 naturam
765 4026 876 4091 patitur
913 4041 996 4095 quarn
1029 4022 1169 4090 genitivus
1204 4019 1293 4079 Edit.

269 4104 357 4154 princ.
780 4108 783 4116 ·
