2722 4676
267 293 310 358 ta
601 285 746 352 LIBER
771 283 994 363 QUINTUS.

268 467 339 536 ium
363 463 528 536 Graecum
551 463 706 549 nltcmm,
728 460 866 534 alterum
887 460 1058 547 Latioom3
1080 476 1115 532 ct
1135 460 1212 532 binc
1235 461 1331 556 quod

267 573 347 642 luna
375 572 410 640 in
437 568 641 640 altitudinem
671 553 704 639 ἃ
736 566 940 638 latitudinem
970 567 1084 651 simol,
1125 583 1157 638 ct
1181 565 1330 636 Diviana

267 673 443 772 appellata.
503 673 593 743 Hinc
622 672 839 769 Epicharmus
862 689 965 744 ENNH
986 671 1219 768 Proserpinam
1243 695 1328 767 quo·

267 807 332 877 qno
361 778 508 876 appellat
530 777 619 875 qood
642 776 728 847 solet
750 801 824 846 csso
847 778 908 847 sub
932 776 1044 862 terris3
1079 775 1164 846 dicta
1185 775 1329 846 Proscr-

125 887 130 964 ἶ
261 886 346 984 pina
381 884 471 982 qood
500 882 585 952 hacc
606 897 644 952 ιιι
665 905 801 976 serpens
824 881 925 952 modo
948 881 982 951 in
1006 881 1186 966 dextoram,
1220 882 1328 952 modo

263 990 299 1060 in
323 990 487 1060 sinistram
510 1003 636 1083 partem
658 985 723 1056 late
745 1003 904 1056 movetur.
966 984 1106 1083 Serperc
1130 1004 1163 1058 ct
1182 987 1328 1058 Proser-

264 1093 456 1190 persidem
481 1093 650 1178 dicebant,
676 1107 714 1160 ιιι
734 1105 905 1163 PLAUTUS
929 1092 1018 1188 qnod
1040 1093 1151 1164 scribit

315 1198 427 1289 Quasi
440 1218 639 1291 proserpens
661 1196 768 1267 bestia

216 1331 252 1387 ιι
265 1327 350 1400 quac
371 1301 448 1374 idco
470 1302 597 1374 videtur
617 1302 780 1374 abatinis
795 1301 878 1372 lnno
892 1300 1022 1372 Lucina
1045 1301 1133 1372 dicta
1153 1299 1205 1372 rcl
1228 1301 1327 1397 qnod

262 1579 403 1658 aiterum,
421 1580 543 1642 alterum
564 1577 702 1722 latinum}
732 1580 863 1644 Florem.
881 1579 975 1643 Ham.
995 1579 1075 1641 Edit.
1100 1579 1191 1663 princ.
1214 1591 1325 1642 vetust

302 1659 392 1722 Rhot.
412 1662 517 1723 Venet
540 1662 561 1722 Ι.
582 1661 617 1721 ΙΙ.
637 1660 675 1720 ΑΙ
697 1709 704 1721 .
725 1662 790 1724 Bas.
809 1660 876 1721 Par.
897 1660 1013 1743 Gryph.
1033 1693 1074 1707 —
1105 1663 1251 1731 aiterum,
1273 1663 1325 1720 la·

303 1741 399 1802 tr'rrrrm
418 1742 546 1802 aiterum
566 1739 640 1802 cod.
660 1741 694 1800 B.
715 1740 803 1824 Vuig.
824 1740 957 1802 Vertrarr.
977 1739 1095 1822 Sciopp·
1116 1773 1156 1786 -
1187 1743 1325 1800 alterum

301 1819 504 1962 {cmtldrpcan
523 1831 558 1882 ut
576 1819 632 1882 iam
652 1819 800 1882 Victorius
818 1819 907 1897 vidit,
925 1818 978 1881 nisi
998 1842 1064 1882 cum
1085 1818 1203 1902 Sciopp.
1223 1819 1323 1896 Apol·

315 1925 374 1961 rms
412 1921 527 1962 cemus.

261 2000 394 2143 otsbipc]
430 2017 460 2066 et
478 2003 527 2066 bic
545 2001 613 2064 Atd.
634 2003 698 2064 an.
718 2001 808 2066 Paris.
828 1999 943 2085 Grypb.
964 2035 1004 2051 -·
1036 2017 1066 2064 rt
1087 2001 1160 2065 boec
1179 1999 1324 2086 Scaliger.

261 2103 436 2339 qnotgiobbi.
456 2177 551 2238 Horo.

260 2255 327 2318 luna
367 2277 424 2318 om.
444 2256 501 2317 vul
524 2256 686 2318 ,Vertran

260 2415 438 2476 latitudinem
476 2417 639 2477 latitudine
659 2413 734 2476 cod.
759 2416 793 2476 B.
813 2415 891 2476 Edit.
912 2415 1003 2498 princ.
1022 2428 1082 2478 rot.

259 2494 344 2556 simul
363 2491 410 2657 eff]
464 2495 518 2557 lor.
538 2497 631 2556 Harn.
651 2528 692 2543 -
710 2497 803 2557 simui
820 2510 870 2556 ent
890 2496 1008 2635 Scioplp.
1029 2529 1069 2542 -
1086 2497 1179 2556 sibod
1195 2497 1299 2558 ceteri.

258 2573 379 2635 Diviana
433 2577 534 2637 divina
554 2577 647 2638 Htvn.
667 2607 708 2621 -
728 2577 854 2634 deciana
874 2575 948 2635 cod.
1000 2625 1003 2633 .
1026 2611 1065 2620 —
1084 2599 1106 2636 a
1127 2577 1242 2636 duabus
1263 2578 1322 2636 riis

297 2653 430 2714 Diviona
451 2655 569 2737 Sciopp.
588 2687 629 2702 -
648 2655 760 2715 Duarra
779 2653 880 2716 isidor.
901 2655 971 2732 vll,
992 2657 1039 2716 ll.

156 2753 158 2760 '
257 2745 465 2832 Epicharmus]
486 2749 661 2826 Epicurum
680 2749 757 2811 Edit.
778 2750 870 2832 princ.
891 2763 949 2813 ret
970 2751 1058 2812 trhot
1079 2751 1183 2812 Venet.
1202 2753 1225 2812 1.
1249 2753 1287 2811 11.

256 2827 346 2890 Ennii
399 2829 530 2890 Florent
550 2829 628 2888 Edit.
649 2830 741 2911 princ.
760 2841 818 2890 ret.
839 2829 926 2891 Rbol.
946 2831 1051 2892 Vcnct
1071 2833 1092 2890 l.
1113 2832 1148 2890 11.
1166 2862 1207 2877 -
1233 2829 1325 2892 Enni

298 2823 372 2972 Coi.
392 2909 426 2970 B.
447 2908 514 2971 Atd.
535 2909 598 2968 Bas.
618 2909 706 2971 Paris.
729 2907 845 2992 Grypb.
865 2908 953 2994 Vuig.
973 2911 1109 2972 Vertran.
1129 2909 1251 2992 Sciopp.

256 3025 317 3086 quo
359 2999 394 3088 e]
414 3029 500 3084 quom
519 3005 614 3064 Havn.

223 3117 226 3126 =
257 3104 324 3220 qopr
345 3084 434 3222 ¹solot
454 3107 514 3147 csso
533 3083 587 3145 sub
608 3081 710 3169 terris]
743 3105 801 3147 om.
822 3085 940 3169 Sciopp.
961 3117 1002 3134 -
1034 3086 1138 3147 terreis
1157 3105 1239 3146 more
1259 3107 1321 3148 suo

256 3183 544 3338 dictauiboscrpina]
564 3241 696 3305 Florent.
716 3244 809 3306 Harn.
829 3245 948 3328 Sciopp.
968 3277 1008 3292 -
1026 3245 1208 3322 Proserpina
1231 3246 1323 3308 dicta

254 3333 400 3461 dcxciiitibr
440 3401 579 3460 dextram
598 3399 655 3460 vul
695 3413 714 3462 t.
1244 3453 1258 3466 ,

254 3477 395 3540 sinistram
434 3481 602 3538 simiterom
622 3421 699 3541 liiii,
719 3481 811 3560 princ.
831 3494 935 3545 verost.
1229 3512 1250 3560 1
1274 3515 1319 3550 u

254 3555 372 3619 Plautus
400 3555 479 3639 qnod
499 3554 617 3640 scribit]
651 3559 782 3621 Florent.
801 3562 896 3626 Harn.
916 3575 946 3624 ct
966 3562 996 3622 in
1015 3583 1104 3646 marg.
1125 3558 1206 3621 Flor-
1265 3586 1321 3640 pq.

293 3669 335 3684 ···
354 3637 487 3698 Plautus
507 3639 561 3712 qui
577 3640 679 3698 scribit
697 3641 796 3702 ceteri.

275 3737 327 3778 uae
350 3713 435 3798 ideo]
456 3731 547 3793 atqrre
567 3718 634 3777 ideo
655 3717 774 3801 Sciopp.
793 3752 834 3767 —-
853 3745 931 3800 puae
950 3723 1017 3781 ideo
1038 3743 1151 3798 quoque
1169 3718 1270 3780 Havn.

252 3737 378 3875 batinis]
397 3797 530 3857 Latiaris
549 3795 666 3879 Vulgat.
686 3830 726 3844 -
746 3802 785 3860 ab
803 3801 923 3860 Latinis
941 3801 1035 3860 Havn.

254 3876 332 3956 quod
354 3888 398 3937 est
417 3897 433 3936 c
454 3869 558 4013 tcrrq
572 3876 702 3937 Florent.
722 3878 865 3941 Rboiaod.
886 3879 955 3940 Atd.
976 3881 1039 3942 Bas.
1061 3880 1125 3939 Par.
1140 3877 1262 3959 Grypb.
1278 3913 1323 3926 -

293 3957 375 4033 quod
398 3979 413 4016 e
439 3969 520 4015 terra
560 3956 637 4018 lavn.
659 3956 732 4018 cod.
754 3959 788 4019 B.
809 3959 887 4020 Edit.
906 3961 999 4041 princ.
1018 3971 1076 4020 ret
1096 3991 1137 4004 -
1170 3961 1256 4033 quod
1277 3975 1324 4020 est

293 4049 327 4096 ut
344 4059 361 4097 e
381 4049 463 4098 terra
483 4034 587 4096 Venet
608 4035 629 4096 Ι.
652 4037 687 4096 ll.
707 4071 747 4086 ·-·
767 4042 849 4116 quod
866 4041 970 4101 altera
989 4055 1073 4101 terra
1093 4035 1227 4100 Turnebi
1247 4041 1322 4101 cod.

259 2331 462 2558 altitudinem]
479 2277 646 2398 aititudirte
663 2337 756 2397 simui
773 2335 838 2397 Cod
858 2335 894 2396 B.
