2714 4686
368 285 513 351 ntnntt
536 286 759 352 uncinata
1028 281 1090 348 Μ

20 478 171 549 sunan,
204 475 451 550 anisianum,
484 475 699 549 numanam,
725 460 979 545 immeliorari,
1009 484 1090 556 qro-
1200 471 1202 484 ’

17 597 105 640 rum
131 570 347 642 obscuritates
371 595 411 640 eo
434 569 541 640 minus
558 567 870 664 reprehendendae,
905 564 995 662 quod
1023 564 1090 660 ple·

18 701 158 772 raeque
189 675 393 746 definitiones
421 701 457 745 re
485 674 655 768 incognita
681 689 816 770 propter
837 697 997 742 summam
1018 670 1090 742 bre·

21 780 171 851 vitatem
200 806 270 851 non
296 779 391 850 laeilo
418 779 675 876 perspiciuntur,
714 781 778 851 nisi
801 777 993 850 articulatim
1015 790 1093 846 cunt

24 885 207 980 explicata.
235 883 349 976 Quare
371 883 476 978 magis
499 885 677 980 apparebit,
700 885 805 956 aierit
826 899 938 980 aperta
961 881 1001 954 de
1025 881 1091 950 ain·

25 988 121 1082 gulis
151 991 313 1084 partibus,
352 989 429 1084 quid
458 989 583 1059 dicatur
616 990 765 1076 verbum,
803 987 882 1085 qnid
915 985 1090 1058 similitudo
1181 1010 1185 1022 ¹

25 1093 137 1179 verbi,
161 1095 241 1191 quid
264 1094 448 1179 declinatio,
472 1093 550 1190 quid
573 1095 753 1165 similitudo
776 1091 999 1164 declinationis
1022 1111 1091 1162 nott

25 1215 243 1292 repugnante
274 1199 511 1270 consuetudine
547 1199 729 1282 communi,
767 1199 844 1296 quid
878 1226 917 1268 ex
949 1196 1092 1295 quadam

26 1317 140 1396 parte.
185 1303 336 1374 Verbum
358 1305 433 1376 dico
457 1305 613 1376 orationis
637 1303 759 1375 vocalis
782 1321 919 1401 partem,
942 1329 1026 1400 quae
1050 1302 1093 1372 sit

27 1405 177 1476 indivisa
200 1425 232 1480 et
253 1409 406 1495 minima,
434 1410 462 1479 si
485 1397 941 1481 dectnationem'naeumlem
962 1408 1093 1478 habant.

29 1509 189 1582 Similem
215 1515 349 1584 verbum
377 1515 476 1584 verbo
506 1532 573 1585 tum
596 1523 697 1610 qubm
720 1531 753 1584 ct
773 1540 826 1584 rea
850 1539 948 1610 quam
970 1513 1158 1606 signifi-180

33 1631 109 1701 cat,
132 1633 166 1686 ct
186 1643 301 1688 vocem
324 1643 389 1712 qua
412 1619 583 1710 significat,
606 1636 639 1690 et
660 1620 693 1688 in
715 1621 819 1714 ligura
841 1619 1011 1688 transitum
1035 1617 1090 1687 de-

34 1721 225 1793 clinationis
254 1723 368 1820 parile.
427 1722 612 1794 Declinatio
640 1741 706 1810 est,
746 1749 846 1820 quom
874 1750 912 1794 ex
934 1723 1033 1793 verbo
1057 1722 1092 1791 in

79 1972 196 2056 Grypb.
214 2009 255 2022 -
274 1989 308 2036 ut
326 1975 461 2049 Arusini,
479 1975 667 2038 Arr‘stodemr'
681 1977 840 2038 Araeocta
858 1973 945 2061 Vulg.
968 1985 999 2037 et
1017 1976 1093 2037 Ver-

79 2065 155 2114 trau.
176 2055 275 2136 quiin
295 2077 355 2116 mar
378 2055 435 2116 ine:
455 2057 578 2116 Aristae
597 2053 741 2117 exhibent„

38 2132 180 2213 aliorum]
201 2136 334 2194 aliarum
353 2077 422 2196 ldie
451 2135 543 2218 princ.
564 2147 622 2198 vet.

38 2211 211 2296 pleraeque]
229 2217 374 2292 pleraque
393 2217 486 2275 Havn.

39 2291 237 2372 definitiones]
264 2295 461 2373 diffinitiones
480 2297 572 2358 Havn.
592 2293 670 2356 Edit
690 2294 782 2378 princ.
801 2307 860 2357 ret.
878 2293 967 2356 Rhol.
987 2294 1093 2357 Venet.

38 2373 271 2546 peiipiiiuntur]
300 2451 431 2513 florent.
450 2453 539 2537 Vulg.
558 2454 656 2516 Vertr.
679 2453 798 2536 Sciopp.
817 2487 857 2500 ·-
872 2455 1095 2547 prospiciantur

41 2535 280 2692 rudi'iiiplicata]
301 2609 381 2672 Flor.
401 2611 479 2673 Edit.
498 2611 591 2694 princ.
611 2623 669 2674 vet.
688 2647 728 2657 -—
747 2615 808 2672 sint
828 2613 981 2688 explicata
1000 2575 1094 2672 llavn.

82 2689 167 2830 pprol.
196 2723 236 2736 -
267 2693 328 2751 rint
346 2693 518 2769 explicatae
538 2691 657 2774 Sciopp.
681 2723 722 2739 ·-
753 2694 795 2751 rit
815 2693 971 2768 explicato
989 2687 1094 2770 reliqui

93 2793 101 2828 t
138 2793 157 2830 r.

43 2849 78 2910 de
96 2847 215 2942 cingulis
232 2849 454 2986 partibuap'om.
476 2849 594 2931 Sciopp.

43 2939 201 2989 orationem
221 2929 341 3024 vocalis]

82 3009 122 3067 lis
139 3021 251 3069 veteres
271 3009 337 3069 libre
357 3031 466 3070 omnes.

45 3085 186 3168 quaesit]
207 3111 283 3162 puae
300 3091 360 3149 sint
381 3089 473 3150 Ham.

45 3181 74 3262 pt
94 3167 222 3247 minima]
241 3191 273 3229 eo
293 3170 414 3228 mairiam
435 3167 511 3228 Edit.
531 3167 624 3250 princ.
644 3178 704 3229 vet.

45 3246 160 3307 sentilam
186 3243 325 3329 verbum]
357 3250 455 3308 clarile
476 3251 588 3308 verbum
608 3247 726 3330 Sciopp.
745 3277 787 3293 ·-
815 3247 898 3308 Fort.
917 3241 1016 3308 riarili
1033 3269 1092 3306 eer-

85 3329 148 3386 bum
168 3326 204 3386 id
226 3338 278 3388 est.
298 3329 396 3387 curtile
415 3342 458 3388 est
479 3330 600 3388 uerbum.

46 3417 105 3466 tum
125 3403 228 3486 quom]
249 3405 337 3546 Vulp.
357 3439 397 3452 -
418 3420 480 3466 tum
500 3429 564 3467 cum
583 3407 719 3467 Vertran.
740 3404 859 3488 Sciopp.
880 3439 920 3452 -
940 3420 1001 3465 tum
1022 3428 1093 3484 pao-

85 3488 163 3544 m'om
181 3497 294 3546 veteres
325 3486 379 3546 ibri
400 3507 508 3547 omnes.
521 3519 561 3532 -
581 3487 664 3546 Fort.
683 3502 746 3545 tum
765 3509 851 3563 quom
871 3501 898 3546 et
919 3509 1094 3563 remquam.

48 3585 101 3646 qua
119 3563 271 3648 significat]
299 3587 358 3643 qua
377 3568 566 3646 significatur
584 3565 672 3650 Vulg.
692 3566 792 3626 Verte.
810 3597 852 3611 -
872 3571 960 3643 qaam
977 3567 1093 3646 signifi·

85 3659 132 3704 cat
151 3647 242 3706 llavn.

47 3734 77 3784 et
85 3720 250 3864 ¹:pulignrss
282 3723 370 3809 Vulg.
389 3723 525 3785 Vertran.
546 3723 663 3808 Sciopp.
682 3757 722 3770 -
749 3737 792 3785 est
811 3723 844 3784 a'a
855 3725 963 3806 figura
981 3735 1098 3786 vetem

47 3879 211 3966 transitum]
232 3885 372 3944 transilii
388 3885 480 3944 llam.

50 3959 151 4044 parile]
167 3966 297 4038 parilem
317 3963 405 4050 Vulg.
428 3963 524 4023 Vertr·
545 3996 585 4012 -··
605 3963 693 4024 habet
708 3965 839 4040 parilem
859 3961 978 4046 Sciopp.

51 4053 91 4103 est
111 4040 210 4122 quom]
231 4042 324 4106 Havn.
343 4076 384 4091 ·-
404 4057 447 4104 eet
466 4065 530 4104 crem
548 4043 652 4116 catari3
671 4041 740 4105 item
760 4043 846 4126 paulo
868 4055 944 4126 part.

391 2930 450 3014 ulg.
471 2931 571 2991 Verte.
592 2928 771 3011 Sciopp.·-
790 2930 953 2989 oratiorum
973 2931 1094 2990 wenbu-
