2568 4686
259 289 321 352 676
588 289 732 352 LIBER
756 287 982 352 DECIMUS.

260 463 354 560 ponit
375 491 513 554 nomen3
552 483 587 537 at
609 465 767 550 declinat,
799 465 1070 561 quemadmodum
1087 465 1146 538 volt
1162 483 1249 548 naua,

260 567 330 640 Sed
359 571 513 667 quoniam
543 571 670 642 dnobus
700 567 807 641 modis
832 569 1010 666 imponitur
1037 571 1202 642 vocabalum
1217 587 1250 638 ao

260 701 296 744 re
320 675 474 768 singulari
497 693 553 746 aut
573 673 793 757 multitudine,
827 675 1040 768 singularint
1060 675 1158 761 Cicer,
1181 675 1250 743 urla·

261 779 381 850 tudinis
405 797 441 850 nt
462 779 593 866 Scalae,
623 807 685 851 nec
709 779 844 848 dubium
866 795 933 864 est,
961 782 1040 877 quin
1061 781 1132 850 ordo
1152 781 1250 849 dedar-

260 901 368 970 tnam,
404 885 438 955 in
468 912 533 982 qno
561 911 614 956 res
644 883 824 977 singulares
854 883 1097 954 declinabantur
1115 883 1250 966 solacii

262 989 419 1082 singulari
442 991 551 1086 aliquo
575 1015 654 1060 casu
675 989 902 1086 proficiscatur
921 1005 959 1058 nt
981 987 1089 1072 Cicer,
1110 985 1250 1068 (licenti

261 1095 360 1164 ceris:
396 1097 473 1166 item
502 1111 616 1166 canna
642 1095 677 1162 in
706 1118 746 1164 eo
770 1093 900 1178 ordine,
939 1093 996 1188 qai
1015 1092 1203 1162 multitudinis
1217 1091 1251 1158 uit

260 1199 378 1284 solam,
401 1199 479 1296 qaia
503 1223 523 1270 a
544 1199 757 1270 multitudinis
780 1197 890 1294 aliquo
914 1223 995 1268 casa
1017 1199 1112 1268 ordiri
1130 1195 1251 1266 couraia

261 1321 298 1374 at
325 1302 459 1390 Scalae,
498 1301 619 1388 Soulia,
656 1301 786 1374 Scalas:
824 1302 911 1372 aliud
937 1303 1175 1372 ridendam-eat
1191 1325 1251 1396 pou

262 1405 384 1504 duplex
410 1425 527 1478 natura
556 1409 708 1504 copulata
730 1431 768 1478 ac
792 1406 1012 1478 declinatnum
1034 1407 1100 1477 bini
1119 1408 1188 1475 liant
1202 1403 1252 1473 ord

262 1537 322 1582 nes
345 1527 381 1582 ut
404 1528 454 1582 est
474 1513 581 1597 Mars,
604 1513 731 1597 Martis,
753 1512 840 1582 nude
863 1514 1037 1584 tumentia
1058 1508 1253 1605 analogiaels

260 1617 332 1686 huit
354 1617 469 1700 ordiri,
501 1633 609 1686 atram
631 1616 672 1687 ab
695 1617 851 1712 singulari
871 1643 906 1688 re
928 1617 962 1687 iu
984 1617 1253 1696 multitudinem

263 1725 400 1792 contra?
422 1749 528 1818 neque
552 1722 637 1792 enim
660 1722 691 1792 si
710 1739 825 1792 natura
847 1723 889 1792 ab
909 1747 989 1792 naor
1000 1721 1045 1793 ad
1066 1723 1131 1795 dno
1149 1719 1255 1816 puteat

261 1827 385 1899 idcirco
414 1853 484 1899 nou
511 1843 622 1922 potest
648 1826 786 1922 amplias
809 1851 882 1898 case
904 1827 938 1896 in
960 1827 1113 1898 docendo
1132 1823 1256 1922 posterius

262 1931 396 2002 atinde
419 1931 566 2028 incipias,
588 1947 625 2000 ut
647 1929 726 2026 qaid
748 1931 790 2000 sit
811 1931 911 2026 prius,
931 1930 1099 2002 ostendas.
1138 1931 1226 2025 ltaque
1239 1942 1256 1992 a

262 2036 310 2115 hi,
349 2036 405 2132 qai
435 2037 477 2107 dc
500 2035 589 2107 omni
610 2051 725 2104 natura
747 2035 913 2130 disputant
933 2051 1031 2131 atque
1054 2035 1129 2106 ideo
1147 2049 1257 2102 vocantu

262 2141 402 2237 physici,
436 2157 545 2210 taarcn
568 2167 606 2210 er
628 2139 678 2210 his
700 2139 742 2209 ab
764 2139 913 2211 universa
934 2156 1053 2236 natura
1074 2138 1209 2236 proiecti,
1229 2161 1258 2200 a

261 2379 292 2430 at
311 2363 448 2446 declinat]
475 2389 510 2428 ac
530 2367 660 2428 declinat
680 2365 760 2428 Flor.
779 2365 857 2428 Edit.
877 2363 967 2448 princ.
988 2377 1095 2428 vetunt.
1114 2399 1152 2412 -
1168 2377 1192 2424 a
1204 2361 1259 2422 dais

301 2461 354 2506 not
372 2467 417 2528 pr.
437 2467 520 2506 mana
540 2447 633 2506 Harn.

262 2521 368 2608 scalae]
388 2527 486 2587 scolae
505 2527 598 2586 Horo.

149 2646 155 2656 ·
263 2602 469 2684 declinatuum]
490 2605 702 2666 declr'aantziaa
721 2603 813 2664 llaru.
944 2625 965 2658 e

263 2683 496 2764 declinabantur]
519 2687 706 2745 declinantur
726 2683 782 2744 Val
807 2733 810 2741 .
832 2683 965 2744 Verum.
990 2681 1114 2766 Sciopp.

262 2765 364 2859 aliquo·
380 2761 503 2924 casa]]o
524 2787 579 2841 qao
599 2787 668 2823 casa
688 2761 766 2822 Flac.
814 2785 878 2823 aru.
1081 2844 1089 2859 ι

262 2845 460 2930 proficiscatur
496 2841 633 2924 Stephon.
652 2843 727 2938 App.
750 2863 814 2926 pag.
836 2842 901 2904 18⁰.
919 2873 960 2888 -
975 2846 1194 2922 prffcrsreotar
1207 2839 1264 2896 lina

262 3003 352 3066 ordiri
391 3003 531 3063 ordr'rrart'
547 3002 640 3063 Haru.
845 3033 855 3070 ι

261 3083 347 3145 scalas
385 3103 443 3142 ora.
463 3082 554 3141 Hora.
720 3159 728 3176 ·

262 3163 776 3320 idotllelcliiiallillnffoccmdeccd'iedliem
794 3237 848 3298 Ed.
868 3236 958 3320 princ.
978 3249 1039 3298 rct-

262 3334 295 3384 nt
316 3334 359 3384 est
378 3321 455 3381 Mars
475 3319 574 3380 Martis
613 3319 693 3378 Fort.
713 3332 745 3378 at
765 3332 807 3378 est
828 3319 886 3377 Ars
904 3318 999 3378 Artis.

262 3401 344 3540 mig,
357 3395 527 3560 tperpqgaitio]
553 3399 632 3458 For.
652 3397 728 3458 Edit.
748 3398 840 3480 princ.
859 3407 964 3458 vetunt.
983 3431 1024 3443 -
1045 3399 1128 3458 ande
1143 3411 1227 3458 cutm
1239 3413 1268 3446 a·

300 2956 341 2971 -
347 2927 581 3242 Ῐνοβιίιιαηὶιιν
599 2934 697 2982 cetera.

262 3558 362 3621 debuit
401 3561 505 3618 debeat
525 3557 618 3616 Horu.

261 3639 373 3701 addua
411 3641 468 3696 dao
510 3635 701 3697 armilata.

261 3731 295 3780 ut
315 3717 364 3798 qui
403 3713 454 3795 sit]
476 3659 556 3776 lllor.
575 3747 615 3760 ·-
635 3729 667 3774 ut
688 3717 769 3792 qaod
785 3715 825 3774 sit
845 3713 957 3796 reliqui.

261 3799 357 3880 itaque
377 3807 407 3856 et
427 3792 475 3878 lai]
495 3796 625 3856 Floreat.
645 3795 738 3858 ffivn.
757 3827 797 3840 -
816 3795 918 3870 iraque
936 3795 992 3856 illi
1007 3792 1127 3875 reliqui.

261 3875 593 4022 ildilodeitolllllrnfflvn·

262 4040 305 4103 his
324 3955 378 4122 dr]
398 4037 446 4098 ha
464 4037 510 4096 ad
526 4033 619 4096 aava.
