2732 4686
184 293 191 309 ¹
233 281 295 346 ste
588 277 732 342 mult
756 278 930 344 NONUS.

234 482 256 530 a
284 481 350 554 quo
377 453 589 530 multitudinis
618 455 655 526 fir
681 453 788 526 Millia
810 455 989 548 [denaris]
1049 451 1172 545 Quare
1198 481 1297 551 qno·

235 563 280 641 ud
297 558 469 655 ¹etrualogias
493 559 584 656 quod
604 559 782 654 pertineat,
814 585 884 642 nou
906 575 1017 632 estut
1037 561 1155 634 omnis
1179 561 1296 630 sinilia

236 667 402 750 dicantur,
421 665 489 736 sed
510 680 547 734 ut
568 664 603 734 iu
625 689 685 734 suo
708 689 857 761 quaeque
879 688 999 758 genere
1023 665 1177 736 similiter
1201 665 1296 736 dedi·

235 787 370 855 nentur,
392 769 489 840 stulte
512 776 687 866 quaeruut,
711 795 769 840 cnr
790 793 827 839 ss
850 786 883 840 et
905 771 1094 866 dupondius
1122 787 1158 840 et
1182 772 1296 840 tressis

236 901 304 948 non
328 875 477 946 deantur
496 872 725 969 proportione,
748 901 824 946 enm
845 875 893 944 As
916 875 959 945 sit
980 875 1131 970 simplex,
1153 873 1296 971 anon·

237 981 310 1052 dios
332 981 439 1063 fictus,
469 977 559 1073 quod
582 977 647 1048 duo
671 1003 764 1048 asses
786 978 990 1079 pendebant,
1014 979 1154 1050 Tressis
1180 1007 1226 1050 ex
1247 980 1294 1048 tri·

235 1087 298 1158 bns
321 1084 404 1156 aeris
428 1081 518 1178 quod
540 1081 597 1152 sit:
619 1108 681 1176 pro
704 1083 833 1152 assibus
856 1107 1095 1180 nonnunquam
1112 1083 1188 1154 Aes
1215 1084 1296 1154 dise·

236 1192 318 1263 bant
338 1186 478 1283 antiqui,
507 1211 528 1256 a
550 1211 616 1284 qno
640 1185 776 1256 dicimus
798 1209 908 1261 essem
930 1204 1094 1272 tenentes,
1131 1203 1218 1260 noc
1239 1206 1295 1258 stt·

238 1312 297 1374 ns,
321 1295 520 1378 mnusque
544 1309 653 1376 stoue
675 1308 709 1362 et
730 1307 964 1364 uunsnents
982 1309 1163 1364 neeesse.
1188 1319 1296 1390 qnare,

175 1415 228 1474 tte
240 1399 330 1496 quod
352 1399 395 1471 ab
416 1397 529 1468 tressis
551 1422 657 1492 usqne
681 1396 724 1465 ad
746 1397 908 1472 centussis
931 1397 1057 1468 numeri
1075 1423 1115 1468 en
1132 1397 1296 1468 eiusdem-

238 1641 326 1706 millis
350 1638 478 1721 denario]
514 1641 615 1702 millio
635 1641 789 1701 denarium
809 1639 932 1724 August.
952 1639 982 1700 in
1002 1661 1092 1724 marg.
1113 1661 1150 1701 ex
1171 1641 1297 1701 eonieet.

278 1723 412 1783 vestran.
431 1730 471 1766 -·'
497 1722 622 1780 denaria
644 1719 738 1780 omitt·
758 1718 876 1801 Sciopp.
895 1752 936 1765 -
955 1721 1043 1781 milia
1063 1722 1200 1780 denaria
1222 1721 1298 1781 Edit

278 1802 370 1884 princ.
390 1813 448 1862 vet.
468 1798 556 1860 tthot
576 1800 650 1860 Ven.
669 1800 692 1860 l.
713 1799 749 1859 ll.

239 1902 327 1964 quere
347 1875 454 1962 quom]
487 1877 574 1962 vulg.
596 1879 693 1938 Verte.
715 1877 834 1959 Sciopp.
854 1910 895 1923 -
915 1901 1008 1954 quare
1026 1901 1090 1938 curn
1110 1878 1199 1940 Flor.
1222 1880 1298 1940 Edit

277 1960 369 2043 princ.
390 1971 448 2022 vet.
467 1991 508 2004 -
528 1980 696 2035 quareque
716 1957 813 2018 ceteri.

238 2039 270 2100 in
288 2059 341 2101 suo
363 2059 434 2120 quae
475 2057 491 2098 e
511 2033 637 2120 genere]
657 2038 688 2094 in
707 2059 759 2098 eoo
780 2059 892 2114 quoqne
908 2059 1015 2117 genere
1033 2035 1088 2096 Ed.
1108 2037 1210 2120 princ.
1230 2051 1289 2102 ret.

236 2129 270 2180 et
289 2059 474 2199 dupondiud]¹
489 2137 545 2176 orn.
564 2116 657 2175 Havn.
891 2117 894 2126 ⁴

239 2217 307 2332 sug
328 2219 358 2258 ss
371 2194 434 2335 1sitl]
468 2217 532 2256 cum
551 2197 633 2254 adsit
654 2194 733 2255 Flor.
754 2196 847 2255 ann.
868 2193 946 2255 Edit.
966 2193 1058 2275 princ.
1077 2207 1190 2257 vernet.
1211 2198 1300 2258 utet

307 2295 352 2336 en.
387 2316 394 2331 .
430 2277 450 2333 1.

239 2350 377 2448 situplex]
399 2355 511 2434 duplex
530 2353 634 2414 Venet.
655 2354 678 2412 t.
698 2355 735 2412 11.
755 2352 823 2413 tlt.
843 2354 907 2415 Bas.
927 2353 993 2414 Per.
1013 2351 1130 2436 Grypb.

240 2429 418 2516 dupondius]
440 2434 598 2508 dipondius
617 2431 697 2492 Flos.
710 2433 773 2493 ‘Ed
789 2433 883 2525 princ.
904 2445 1010 2494 retunt.

239 2511 338 2593 fietus]
360 2515 456 2572 dictus
475 2510 599 2593 August.
619 2521 650 2574 et
670 2511 765 2572 Verte.
787 2535 818 2572 tn
838 2533 942 2594 marg,
962 2513 1079 2594 Sciopp.
1098 2513 1132 2572 in
1151 2527 1252 2578 textu

240 2593 319 2676 quod
339 2592 397 2652 duo
416 2612 489 2652 asses
508 2589 686 2672 pendebant]
711 2591 841 2652 Florent.
862 2592 955 2652 Hsvn
976 2591 1053 2653 Edit.
1072 2594 1167 2674 princ.
1189 2609 1298 2658 vetust

279 2669 423 2732 Rhodoud·
442 2669 548 2730 Venet.
569 2673 591 2729 1.
612 2667 736 2730 11.‘Atd.
756 2669 820 2732 Bas.
840 2671 905 2730 Par.
926 2666 1040 2752 Gryph.
1059 2705 1101 2718 -
1133 2680 1224 2750 quod
1243 2681 1300 2736 deo

279 2775 360 2812 asses
374 2753 521 2826 pendebat
542 2747 658 2831 Vulgot.
679 2750 814 2811 Vertratt.
834 2783 874 2794 -
899 2755 980 2830 qnod
999 2755 1055 2810 aluo
1072 2756 1174 2828 pondo
1200 2759 1242 2815 id
1259 2773 1300 2818 est

282 2833 354 2892 duos
373 2853 451 2888 asses
467 2831 614 2904 pendebat
633 2829 750 2912 Sciopp.

240 2906 354 3048 tressip]
375 2923 478 2968 tresses
498 2909 590 2966 ΗΜ.

241 3011 277 3051 ex
296 2989 333 3048 tr'
356 2985 402 3066 us]
423 3011 461 3047 ex
481 2989 576 3048 eribus
595 2986 671 3046 Edit.
692 2987 782 3069 princ.
803 3000 860 3048 vet.

241 3069 319 3151 quod
344 3068 395 3128 sit:
420 3063 491 3148 pro]
525 3063 605 3126 Flos.
630 3066 707 3128 Edit.
727 3067 820 3148 princ.
840 3079 898 3126 vet.
919 3065 1062 3127 lthoisnd.
1084 3061 1196 3130 Venet.
1221 3073 1246 3132 l.
1266 3073 1300 3132 lt.

279 3144 346 3207 ΔΜ.
366 3145 429 3207 Bas.
449 3145 537 3205 Paris.
558 3144 671 3226 Gryph.
691 3177 731 3191 -
756 3150 837 3222 quod
852 3147 895 3206 sic
910 3169 967 3222 pro
988 3147 1074 3231 Vuig.
1096 3149 1243 3210 Ver-tran.
1263 3183 1301 3196 -

281 3229 362 3302 quod
379 3248 429 3285 aes
444 3248 501 3300 pru
522 3224 640 3305 Sciopp.

240 3301 361 3382 assibus]
378 3305 514 3379 passibus
532 3304 624 3362 Hsvn.
894 3341 905 3376 ,

239 3379 305 3464 ses]
326 3403 383 3442 om.
404 3383 522 3462 Sciopp.

241 3463 307 3536 fluo
327 3457 573 3543 aerearumque]
593 3461 721 3602 Sciopp.,
741 3475 771 3522 et
791 3463 899 3524 dudum
917 3475 1001 3523 entes
1020 3464 1189 3526 Brissonius
1212 3469 1301 3528 terite

280 3539 311 3600 in
336 3539 386 3600 sel.
411 3539 556 3620 Antiquih
577 3545 678 3679 pagl
702 3586 708 3600 .
728 3575 768 3587 -
802 3543 855 3602 hoc
875 3546 913 3602 ab
933 3563 1022 3603 aerea
1042 3567 1196 3622 aeneaque
1216 3547 1300 3606 Flos.

280 3617 334 3680 Ed.
355 3619 447 3700 princ.
466 3627 570 3680 vetust„
596 3619 623 3678 R
644 3619 684 3680 ol.
704 3621 778 3680 Von.
799 3623 821 3680 1.
841 3623 878 3682 ss.
904 3619 971 3684 ΛΜ.
991 3623 1054 3683 Bes.
1074 3624 1131 3684 Por
1162 3621 1300 3707 Gryph.;

280 3698 349 3758 item
370 3699 480 3772 Hero„
512 3697 562 3778 qui
581 3720 597 3758 a
617 3721 662 3780 pr.
682 3720 767 3760 nunu
787 3723 877 3773 aera,
910 3702 1102 3784 suprascripta
1121 3727 1146 3763 e.
1166 3735 1210 3752 -·
1246 3709 1300 3766 doe

282 3779 320 3836 ab
340 3799 573 3853 aerearumque
593 3777 678 3860 Vuig.
701 3779 799 3840 Verte.
899 3841 901 3844 .

242 3853 277 3915 ab
297 3851 418 3947 tressis]
454 3853 559 3914 torene
579 3857 672 3918 Hsvn.
691 3889 732 3904 -·-
750 3881 771 3918 a
791 3861 890 3920 vessels
910 3859 1020 3940 reliqui.

241 3933 276 3994 ad
296 3853 452 4014 centussis]
484 3931 568 4020 Vulg.
591 3935 688 4000 Verte.
709 3937 827 4022 Sciopp.
848 3971 887 3991 ι·-
917 3944 963 4000 ad
980 3943 1163 4004 docemeuo‘s
1183 3955 1299 4006 veteres

282 4011 348 4073 tihri
367 4033 473 4074 ornnes.
