2732 4686
420 287 565 351 neuun
593 283 766 350 nouus.
1057 282 1118 376 sue
1206 259 1208 272 '

56 453 321 534 scemendemm
343 487 444 536 censs
465 487 703 562 nonnunquam
725 477 762 532 ut
781 485 967 556 pronomen
981 459 1119 532 suumi-

57 583 131 651 tor‚
170 567 218 638 sic
233 567 355 638 ⁴casum
377 569 521 668 aliquem
542 567 665 640 assumi
682 583 724 637 nt
743 567 779 636 in
802 565 853 636 liis
876 561 1016 652 Nemus,
1054 565 1118 635 Le·

56 696 145 768 pus,
179 671 232 742 hic
254 671 382 768 Lepus,
410 674 473 746 hor
496 672 633 746 Nemus.
662 673 789 768 ltaque
813 669 986 740 discedunt
1008 695 1047 740 se
1071 667 1120 738 (liA

59 793 185 848 cuntur
200 773 238 846 ‘hi
260 774 427 872 Lepores,
450 778 533 850 hoec
556 775 712 862 Nemore,
733 779 781 847 sio
804 775 892 846 eliud
914 775 943 846 si
965 774 1043 869 quid
1066 799 1118 844 as·

57 897 233 975 sumptum
260 881 320 950 erit
346 884 557 969 extrinsecus,
596 907 662 978 quo
690 879 867 952 similitudo
894 882 1024 976 ponitus
1047 901 1120 976 per·
1140 951 1157 961 ,

60 985 148 1080 spici
170 984 292 1079 possim
330 1011 398 1057 non
423 987 509 1058 enim
532 987 592 1057 erit
611 1003 773 1057 remotum
795 1011 815 1056 e
838 1003 971 1068 nutura,
1009 1006 1117 1078 oeque
1131 997 1184 1052 lte

61 1089 156 1160 enirn
175 1107 349 1181 magnetes
370 1090 497 1187 lapides
521 1091 589 1164 tluo
611 1093 697 1162 inter
718 1117 754 1162 se
778 1091 898 1162 similes
923 1091 989 1160 sint
1003 1111 1118 1173 neone,

60 1192 250 1288 perspicere
280 1194 408 1288 possis,
444 1198 512 1266 nisiv
529 1196 689 1266 minutum
711 1196 912 1266 extrinsecos
935 1185 1038 1292 prope
1062 1215 1119 1290 sps

61 1295 220 1394 posueris
243 1296 378 1384 serrum,
416 1302 506 1397 quod
529 1301 650 1372 similes
672 1301 799 1397 lapides
819 1295 966 1376 similitei
987 1299 1119 1382 ducunt,

63 1397 267 1472 dissimiliter
289 1403 472 1474 dissimiles.
532 1405 635 1495 Quod
660 1407 700 1476 ad
724 1406 983 1476 nominationum
1005 1402 1118 1474 anelo-

63 1513 156 1608 gism
176 1508 331 1606 pertinet,
371 1512 417 1580 ita
440 1509 636 1580 declinatum
659 1511 809 1594 arbitror,
843 1527 880 1580 ut
902 1508 1012 1580 omnia
1034 1531 1117 1607 quse

62 1617 219 1688 dicuntur
239 1629 370 1698 contra,
403 1614 446 1683 ad
467 1615 735 1710 respondendum
757 1615 798 1685 alt
822 1613 872 1684 his
895 1611 1040 1684 lontibus
1063 1637 1118 1681 sn·
1130 1625 1208 1699 (121)

58 1721 110 1792 mi
131 1719 269 1816 possint.

155 1833 209 1900 53.
255 1821 358 1914 Quod
381 1822 618 1898 adversorum
641 1823 867 1920 temporalium
887 1821 1048 1893 rationem
1070 1837 1119 1892 at·
1221 1879 1228 1890 ,

60 2039 233 2120 assumitur]
254 2041 419 2100 adsumitur
439 2039 555 2127 vulget.
575 2042 676 2103 Vertr.
698 2041 829 2124 Sciopp.;
848 2039 924 2102 idem
943 2037 1010 2102 libri
1030 2037 1117 2122 ptulo‘

104 2135 172 2206 post
191 2123 311 2180 adsumi
326 2118 456 2180 scribunt
475 2135 506 2184 et
525 2122 610 2184 intra:
630 2124 806 2182 adsumtum.
976 2135 981 2142 '

60 2215 98 2264 ut
118 2196 296 2285 pronomen]
313 2221 471 2274 prenomen
490 2203 583 2262 Hem.

59 2279 174 2360 casum]
196 2301 264 2340 casu
284 2281 376 2339 llavu.

60 2357 186 2522 pseusti]
206 2360 355 2456 pdsummi
371 2361 465 2454 Ham:
611 2440 618 2458 .

60 2439 161 2598 iiaqbrii
182 2439 614 2598 diieeiliiritiilglloliiiliirii
627 2442 792 2600 liilpoiieriiic.
811 2530 868 2579 ret.
889 2517 978 2578 uhot.
998 2518 1073 2580 ten.
1092 2519 1116 2579 l.

104 2597 142 2658 ll.
162 2629 203 2643 -
235 2599 338 2690 itaque
358 2601 507 2677 disserunt
527 2621 564 2659 ac
582 2598 650 2658 llld.
671 2599 734 2658 Bos.
754 2597 842 2658 Paris.
863 2597 978 2680 Gryph.
999 2595 1116 2682 vulgat.

103 2677 239 2779 Yertrsu.
260 2675 376 2758 Sciopp.
404 2711 444 2724 -
478 2678 630 2738 discedunt
656 2701 693 2738 ac
711 2678 892 2739 diducuntur
909 2677 1065 2760 Angustia.
1085 2691 1116 2740 et

58 2757 424 2998 noieiilinffniirltam.

59 2927 208 3056 pagnetps
246 2913 326 3052 Flolr.
345 2917 438 3054 ¹idiunt.
458 2915 544 3054 litlip¹
556 2915 648 2998 princ.
666 2927 771 2976 vetust.
790 2947 830 2960 -
849 2929 999 2999 magnetes
1017 2915 1116 2978 ceteri.

82 3015 275 3054 nomer..
307 3015 401 3056 ares
438 3017 495 3056 om.
546 3017 609 3054 svn.

60 3074 98 3134 ad
119 3017 347 3134 nominationuiii
367 2991 449 3134 anilo
473 3071 544 3156 ism]
577 3073 664 3157 Vulg.
684 3075 782 3134 Veetr.
803 3073 921 3155 Sciopp.
941 3108 981 3121 —
1001 3076 1047 3134 ad
1063 3098 1114 3136 no-

103 3154 275 3214 minativum
293 3156 438 3233 analogio
451 3097 589 3214 l'lorent.
607 3187 649 3200 -
679 3156 723 3212 ud
741 3155 949 3213 nominativum
967 3155 1114 3233 analogia
1239 3179 1242 3192 ·

104 3231 182 3292 Edit
203 3231 293 3313 princ.
313 3246 369 3294 vet.
395 3235 466 3293 Ven.
488 3236 509 3293 l.
531 3236 566 3293 ll.
586 3265 627 3279 -
656 3236 701 3292 ad
719 3235 950 3292 nominationum
968 3234 1115 3314 analogia

103 3311 196 3373 flavo.
215 3343 255 3358 -
280 3315 325 3373 ad
342 3317 405 3374 ntn'i
424 3316 568 3392 analogio
589 3311 733 3374 Rholsud·
756 3345 795 3358 -
826 3315 871 3372 α]
888 3314 1116 3374 nominationem

103 3392 250 3470 ueruiogia
270 3390 338 3452 ΑΜ.
358 3393 422 3454 Bas.
442 3393 531 3454 Puris.
552 3391 667 3474 Gryplt.
685 3423 727 3440 ·-
746 3393 829 3452 Fort.
850 3393 896 3452 ud
912 3393 1115 3454 nomt'rratuum

102 3471 279 3544 analogian.

82 3548 190 3610 ertinet
228 3570 286 3609 om·
306 3549 398 3610 Horu.

84 3628 91 3643 '
125 3543 254 3690 sentitus
273 3627 364 3768 sumi]
394 3629 473 3692 Ftor.
493 3630 585 3690 llam.
606 3629 683 3693 Edit.
703 3630 794 3712 prino.
812 3627 900 3691 Rhol.
919 3663 959 3676 -
980 3631 1027 3692 itis
1038 3634 1113 3708 sen·

102 3709 178 3768 tibus
195 3709 302 3768 summi
319 3707 344 3768 E
365 3707 397 3768 it.
416 3719 520 3770 vetust.
538 3743 578 3754 —
598 3709 645 3768 his
663 3711 741 3768 sumi
749 3711 888 3786 sontibus
906 3709 1012 3773 Venel.
1033 3711 1056 3772 l.
1076 3713 1112 3772 ll.

100 3787 169 3848 Atd.
189 3787 275 3848 Besil.
295 3787 357 3848 Par.
381 3786 495 3870 Gryph.
517 3787 603 3870 Vulg.
623 3788 714 3864 (koe's)
734 3789 833 3849 Vertr.
854 3788 973 3872 Sciopp.

58 3864 188 3950 possint]
210 3867 309 3930 Vertr.
330 3866 447 3950 Sciopp.
468 3899 504 4008 E
518 3870 619 4028 peperit
627 3865 744 4005 Iillqui
763 3886 871 3929 omnes.

58 3999 281 4108 temporalium]
301 4046 358 4088 om.
378 4025 466 4110 Vulg.
486 4027 585 4087 Vertr.
606 4024 724 4107 Sciopp.
