2640 4670
237 283 299 347 Μ
581 279 725 343 LIBER
752 279 944 342 SEXTUS.

119 511 121 521 1
239 457 311 528 otto
338 459 454 530 morbo
480 459 623 530 macor.
665 453 861 528 Pontanalia
883 454 1033 526 aFonta
1055 453 1196 551 quadis
1218 451 1275 522 ties

236 561 338 634 leriae
362 560 447 648 eius;
486 562 528 633 al)
551 587 591 634 eo
614 577 683 632 tum
706 561 794 632 etin
815 558 923 632 fontes
947 582 1088 631 coronas
1111 557 1233 627 iaciunt
1252 567 1278 625 at

237 682 356 764 puteos
380 683 549 738 coronant.
600 665 841 736 Armilustrium
864 667 905 736 ab
929 689 969 734 eo
993 662 1083 759 quod
1104 662 1139 730 in
1162 660 1277 731 armilu·
1301 701 1302 734 ;

238 771 318 842 atrio
347 771 462 840 armati
489 795 582 841 sacra
606 769 743 854 faciunt,
783 770 845 840 nisi
873 769 965 840 locus
987 769 1097 865 potius
1116 767 1224 868 ¹dictus
1245 765 1277 834 ab

239 875 310 960 his3
347 875 408 946 sad
436 877 526 972 quod
550 877 590 946 de
614 875 664 946 his
686 876 795 972 ptius,
834 876 868 945 id
891 875 931 944 ab
955 874 1075 944 luendo
1100 888 1157 942 aut
1177 871 1277 952 lustro,

237 979 273 1052 id
297 980 460 1076 estquod
483 981 697 1052 circumibant
717 980 868 1050 ludentes
891 978 1049 1048 ancilibus
1072 975 1196 1048 amiati.
1228 973 1277 1043 Sa-

240 1084 380 1154 tumalia
403 1085 489 1154 dicta
511 1085 553 1155 ab
575 1083 734 1170 Saturno,
764 1084 854 1181 quod
878 1111 917 1156 eo
942 1085 994 1154 die
1015 1083 1117 1154 seriae
1141 1083 1224 1164 eius,
1250 1097 1277 1148 ut

139 1226 144 1234 ·
192 1203 317 1287 ttsspoat
339 1189 425 1262 diem
447 1191 576 1263 tertium
599 1187 723 1288 Opalia
746 1188 841 1288 Opis.
870 1187 1093 1284 Angeronalia
1115 1187 1158 1258 ab
1180 1186 1277 1280 Ange·

238 1504 308 1570 vino
328 1502 452 1591 morbo]
472 1503 551 1568 Flor.
571 1507 666 1568 Havn.
684 1505 763 1568 Edit.
803 1505 876 1568 rinc.
895 1516 954 1566 vet
972 1502 1051 1566 thol
1082 1503 1188 1564 Venet
1207 1504 1227 1562 l.
1244 1502 1274 1562 ll.

277 1617 318 1633 —
344 1588 406 1648 vino
427 1607 483 1648 om.
504 1585 571 1647 Ald.
597 1587 662 1648 Baa.
681 1586 747 1648 Par.
800 1586 884 1670 ryph.
903 1585 994 1670 Vulg.
1014 1584 1150 1646 Vertran.
1172 1582 1277 1662 Sciopp.

237 1685 424 1772 Fontanalia]
458 1687 590 1750 Floreat.
619 1690 712 1750 Havn.
732 1689 810 1750 Edit.
829 1689 921 1770 princ.
941 1699 1045 1749 vatust.
1066 1683 1154 1746 Rhol.
1173 1685 1243 1745 Ven.
1259 1685 1277 1742 l.

278 1766 314 1828 ll.
335 1767 402 1828 All.
423 1769 510 1830 Basil.
528 1769 616 1830 Paria
636 1767 751 1852 Gryph.
773 1769 891 1850 Sciopp.
911 1799 951 1814 —
967 1767 1141 1846 seminalia
1161 1763 1231 1828 cod.
1248 1765 1275 1823 B.

277 1846 367 1932 Vulg.
386 1848 521 1910 Veatran.

238 1941 317 2023 tum]
339 1957 435 2004 autem
455 1959 517 2005 tum
537 1942 611 2005 Cot.
630 1943 665 2004 B.
686 1941 743 2003 Vul
766 1943 893 2004 ‚Vertat
913 1940 1031 2025 Sciopp.

238 2021 451 2164 etlinfllontes]
472 2025 622 2104 insontes
641 2020 715 2085 Cod.
734 1964 771 2083 ll.
791 2021 869 2085 Edit
889 2021 981 2104 princ.
1000 2031 1058 2085 vet.
1078 2019 1166 2082 tthot
1185 2019 1277 2080 venet

237 2193 458 2340 anitilialstrium]
483 2199 690 2260 amitustmm
708 2199 802 2261 Havn.
821 2197 898 2259 Edit
918 2197 1009 2281 princ.
1030 2209 1087 2260 vet.
1108 2195 1196 2258 ahot.
1214 2195 1277 2256 Vett

237 2368 348 2455 dictus]
370 2374 453 2435 dictu
470 2371 550 2434 Edit
568 2373 659 2456 princ.

235 2463 300 2551 his]
320 2469 384 2528 heis
401 2466 490 2554 Vulg.
508 2503 548 2517 -
568 2469 669 2532 Codex
688 2469 723 2530 B.

237 2562 318 2646 quod
338 2563 373 2625 de
392 2563 451 2660 lais]
485 2564 616 2628 Floreat.
635 2565 728 2626 Havn.
751 2563 839 2626 Rhol
858 2563 934 2626 Ven.
955 2567 977 2627 Ι.
997 2565 1033 2626 11.
1052 2561 1119 2626 Atd.
1140 2563 1203 2624 Bas.
1222 2561 1277 2656 ξπ.
1301 2643 1302 2654 1

276 2642 376 2720 Vertr,
398 2644 516 2784 Setogp.
535 2679 574 2691 —
594 2668 660 2785 guo
682 2647 720 2704 de
739 2645 787 2705 tis
806 2643 919 2727 Gryph.
940 2677 981 2691 -
1002 2648 1038 2705 de
1058 2645 1105 2704 tis
1124 2642 1176 2704 Ed.
1196 2661 1278 2725 princ.

278 2735 383 2785 vetust
402 2755 443 2770 -
485 2727 575 2785 et'eis
621 2723 668 2784 od.
688 2724 723 2783 B.
743 2755 784 2770 -
804 2727 886 2804 quod
903 2727 940 2785 de
960 2726 1022 2785 heis
1040 2722 1130 2808 Vulg.

236 2817 273 2882 ab
294 2815 420 2902 luendo]
440 2824 479 2882 ab
499 2823 628 2882 ludendo
648 2820 785 2882 Vertran.
807 2819 926 2902 Sciopp.

236 2914 331 2976 lustro
351 2913 459 2995 idest]
480 2918 575 2978 lustro
596 2930 639 2976 est
657 2917 795 2978 Vertran.
816 2915 934 2999 Sciopp.

238 3009 439 3091 circumibant]
460 3013 623 3073 circuibant
643 3010 737 3073 llavn.
757 3011 835 3074 Edit
853 3012 946 3096 priate.
965 3021 1070 3074 vetust.

236 3105 389 3186 ancilibus]
410 3110 564 3182 arantibus
581 3104 649 3167 ald.
669 3107 733 3168 Bas.

236 3201 273 3264 ab
294 3201 437 3284 Saturno]
459 3225 479 3264 a
500 3203 633 3264 Saturno
653 3203 730 3264 Edit
748 3214 855 3266 vetunt.

236 3309 306 3379 post
330 3295 405 3359 diem
431 3293 566 3380 tertium]
597 3311 667 3374 post
690 3300 768 3358 diem
793 3301 871 3359 diem
896 3300 1018 3360 tertium
1040 3298 1119 3360 Edit.
1139 3298 1233 3382 princ.
1250 3327 1302 3360 -,

273 3390 359 3454 post,
394 3378 442 3438 die
467 3379 554 3438 tertio
580 3377 694 3472 Lipsius
720 3376 864 3439 Satumal.
890 3379 1024 3440 Sermon.
1048 3379 1078 3456 l,
1097 3381 1126 3440 3.
1145 3400 1213 3462 pag.
1233 3375 1302 3437 tall

275 3455 371 3538 Lugd.
397 3477 481 3537 quam
505 3470 716 3518 correctionem
741 3457 827 3519 tacite
854 3458 961 3520 refutat
979 3459 1103 3542 Popma,
1136 3479 1220 3520 more
1239 3473 1284 3516 suo

276 3533 363 3596 alium
383 3534 560 3614 describens,
580 3557 615 3598 ex
637 3537 763 3597 Simeon.
782 3537 917 3600 Bosionis
936 3551 1006 3600 nota
1018 3539 1054 3599 ad
1067 3539 1161 3600 Cicer.
1177 3534 1302 3620 epistol„

276 3613 312 3674 ad
337 3615 427 3676 Attic.
452 3617 481 3691 1,
507 3618 541 3691 1,
565 3637 630 3699 pag.
657 3617 686 3676 3.
713 3617 750 3676 cl.
778 3615 946 3678 ciacconius
966 3619 1000 3678 ad
1021 3618 1136 3680 Caesar.
1157 3617 1193 3679 de
1213 3603 1302 3690 hello}

277 3691 355 3754 Gall.
375 3715 440 3778 pag·
461 3697 520 3755 532
541 3697 624 3778 lung.
643 3709 769 3773 -post
787 3698 865 3756 diem
883 3698 937 3758 111
953 3695 1027 3758 Cod.
1047 3697 1083 3758 B.

235 3787 331 3870 opalia
350 3809 370 3848 ο
392 3787 429 3868 is]
451 3791 588 3867 operalio
607 3793 704 3868 operia
722 3791 815 3852 Havn.
1301 3847 1302 3850 ,

236 3811 397 3950 angeronai]
418 3892 569 3950 angenora
590 3868 728 3966 Scaliger.
749 3870 828 3950 quod
846 3869 901 3932 iam
920 3871 1056 3934 Vertran.
1076 3891 1112 3934 ex
1131 3872 1231 3933 Plinio
1249 3881 1302 3946 ειη

275 3945 360 4021 tulin
387 3947 464 4008 idem
483 3951 682 4030 angenoralta
700 3970 795 4032 supra.
813 3982 854 3998 —
872 3951 930 4013 vid.
949 3951 1082 4015 Noltenii
1101 3951 1186 4014 lexic.
1207 3947 1302 4013 Anti-l

274 4024 357 4088 barb.
376 4047 441 4111 pag.
462 4029 510 4090 2⁰.
1301 4027 1302 4088 1
