2628 4672
351 299 715 386 urusu'suxrus.
1001 321 1066 390 trs·

17 501 131 598 publice
159 499 333 570 mittantur
357 500 519 594 leguntur.
580 501 663 572 ltem
696 502 737 574 ab
771 487 912 594 legendo
942 499 1062 596 Leguli

18 608 64 704 qui
84 605 188 678 oleam
212 623 269 675 aut
291 605 347 702 qui
368 629 448 674 uvas
472 605 603 698 legunt3
632 606 709 677 hinc
731 605 915 700 Legumina
937 607 971 676 in
994 607 1059 676 fru-

18 713 99 804 gibus
127 711 241 800 variis3
282 712 379 781 etiam
407 710 516 804 Leges
541 735 627 806 quae
650 710 755 781 lectae
780 727 812 780 et
835 711 877 780 ael
900 713 1059 808 populum

18 816 90 886 lutae
116 841 197 914 quas
228 817 390 886 observet.
448 815 536 885 Hinc
565 815 728 910 Legitima
758 832 790 886 et
819 813 976 910 Collegae
1004 819 1061 916 qui

18 947 74 989 uua
93 923 182 1006 lecti,
217 937 249 990 et
272 920 383 1017 quiin
408 947 521 991 eorum
544 920 654 991 locum
677 921 857 1018 suppositi,
894 920 1058 1014 Sublecti;

18 1025 122 1110 additi,
159 1025 294 1110 Attene,
333 1043 365 1096 et
396 1024 545 1098 Collecta
574 1050 658 1122 quae
688 1025 894 1123 expluribus
918 1025 1000 1097 locis
1023 1028 1059 1100 iu

17 1157 106 1199 uuum
126 1131 223 1201 lecta.
273 1131 325 1199 Ah
348 1129 489 1225 legendo
511 1131 620 1226 Ligna
643 1157 790 1228 quoque,
830 1131 920 1227 quod
943 1157 984 1202 ea
1006 1156 1060 1202 ca-

19 1235 92 1304 duca
117 1235 309 1329 legebantur
334 1235 369 1304 iu
401 1263 480 1331 agro
516 1237 632 1333 quibus
666 1237 701 1306 iu
735 1237 846 1308 locum
881 1253 1059 1310 uterentur.

17 1341 152 1410 ludidem
176 1341 217 1411 ab
239 1339 382 1434 legendo
404 1340 510 1435 Legio
536 1359 568 1412 et
589 1339 740 1435 Diligens
765 1358 797 1413 et
819 1341 978 1413 Dilectus.

93 1447 315 1540 lllurmuratur
342 1446 498 1536 [dictum]
527 1446 776 1516 asimilitudine
800 1446 927 1516 sonitus
951 1447 1059 1520 dictus

17 1551 64 1644 qui
83 1551 128 1620 ita
148 1551 261 1620 leviter
282 1551 435 1648 loquitur,
457 1566 494 1620 ut
514 1551 618 1645 magis
643 1577 660 1620 e
684 1576 768 1620 souo
785 1551 819 1620 id
834 1549 941 1622 facere
959 1578 1059 1648 quam

17 1670 46 1721 ut
64 1653 281 1748 intellegatur,
320 1655 476 1726 videatur.
535 1655 623 1724 lliuc
648 1653 745 1724 etiam
767 1672 884 1750 poetae
910 1657 1059 1726 Murum-

15 1760 117 1828 ruztia
135 1759 245 1831 litora.
306 1758 464 1830 Similiter
489 1759 660 1846 Fremere,
699 1755 858 1846 Gemere,
896 1757 1066 1848 Clamare„

14 2001 74 2062 item
92 2001 128 2064 ab
147 2003 272 2088 legendo
312 2004 444 2064 Floreut
464 1989 558 2064 lloru.
577 2037 618 2049 -
638 2004 709 2063 item
727 2026 749 2062 a
769 2003 893 2084 legendo
913 2004 1013 2066 ceteri.

15 2079 114 2164 oleam]
148 2087 248 2144 datam
297 2105 361 2144 eru.
383 2085 436 2143 iam
458 2105 531 2164 quoe
551 2095 713 2222 sequuntur
732 2103 822 2163 usque
843 2083 878 2144 ad
898 2084 998 2145 verba:
1028 2100 1063 2146 ut

46 2185 100 2220 uon
123 2166 248 2238 spondet
274 2165 329 2222 ille
353 2162 435 2222 nullo
461 2163 573 2224 adiecto
605 2182 710 2224 acunae
729 2163 812 2248 siguo
832 2163 863 2222 in
884 2162 940 2224 hoc
960 2163 1064 2226 codice'

46 2241 144 2337 omioa
163 2253 239 2303 suut.
256 2242 313 2303 vid.
334 2263 398 2326 pag.
420 2243 494 2318 248,
514 2263 541 2302 v.
562 2243 591 2302 6.
706 2321 714 2337 1

11 2320 227 2480 ἓῗιξέᾝᾝ]
241 2322 380 2462 llil?
400 2333 724 2482 urtssflzf'titt·
740 2400 886 2462 suuni.
908 2401 1014 2464 vesu.
1035 2403 1060 2464 1.

41 2481 77 2612 ll.
97 2477 135 2540 Al
157 2481 250 2621 ,sBas
270 2481 356 2542 Paris.
380 2479 494 2564 Gryph.
515 2514 557 2528 -
585 2478 776 2562 legentium
796 2479 897 2544 Codex
917 2484 953 2544 B.
970 2482 1059 2567 Vulg.

60 2561 140 2622 ‘ertu
185 2561 230 2622 cio
274 2603 282 2620 .

7 2635 30 2696 le
51 2637 147 2724 itima]
168 2583 318 2721 legillima
337 2640 415 2701 Edit.
455 2640 527 2701 rinc.
547 2651 652 2700 vetust.

5 2659 111 2798 aliteri]
132 2723 251 2780 adlecti
268 2719 340 2780 Cod.
355 2719 396 2780 B.
447 2720 506 2806 ulg.
525 2720 625 2780 Vertr.
646 2719 765 2802 Sciopp.

6 2795 85 2878 loeis]
109 2801 201 2859 loccis
219 2799 336 2882 Vulgat.

6 2877 144 2958 ludidem]
181 2878 312 2940 florent.
333 2877 420 2939 erol.
441 2879 547 2939 venet
566 2879 587 2939 l.
607 2879 642 2939 ll.
662 2878 730 2938 Atd.
750 2879 815 2938 Bas.
835 2879 923 2938 Puris.
944 2876 1059 2960 Gryplt.

36 2959 224 3096 {ei'oppv-
256 2961 365 3020 ibidem
383 2957 461 3019 Edit,
481 2959 575 3040 prius.
595 2971 700 3019 vetust.
720 2990 760 3005 -
780 2960 884 3020 itidem
903 2957 1005 3019 Codex
1024 2958 1059 3019 B.

54 3039 81 3098 'o
118 3085 127 3098 .
179 3051 287 3098 ertran.

6 3061 194 3200 etdilegttus]
226 3117 357 3178 Floreut.
384 3117 483 3179 Codex
504 3117 539 3177 B.
566 3116 645 3177 Edit.
666 3117 757 3198 princ.
779 3128 885 3177 vetust.
912 3114 1060 3176 Rholeutl

36 3199 145 3258 l'euet.
167 3199 191 3258 l.
213 3199 248 3256 ll.
272 3196 343 3257 illel.v
360 3197 426 3258 Bas.
447 3198 511 3258 Par.
533 3196 648 3279 Gryph.
668 3229 709 3242 -
743 3212 771 3256 et
793 3197 921 3256 delectus
941 3195 1059 3278 vulgat.

33 3277 178 3338 Vertran.
200 3276 319 3358 Sciopp.
629 3300 634 3308 ·

7 3369 199 3418 uurmurotur
219 3352 344 3438 dictum]
365 3379 496 3415 murmur
516 3357 625 3416 dictum
646 3356 765 3440 Sciopp.

7 3435 84 3498 littus
106 3437 164 3518 qui
187 3432 242 3514 itu]
277 3435 408 3496 Floreut.
427 3469 468 3481 -
493 3439 547 3513 qui
564 3451 742 3505 murmurat,
762 3438 807 3495 ito
829 3433 904 3496 cod.
924 3433 959 3494 B.
980 3433 1059 3495 Edit.

51 3519 126 3577 rinc.
151 3525 262 3575 vetust
286 3513 429 3574 Rholaud.
456 3515 560 3575 Venet.
581 3516 602 3574 l.
624 3517 659 3575 ll.
684 3515 750 3575 ΑΜ.
770 3516 835 3576 Bos.
855 3516 921 3575 Par.
942 3511 1059 3596 Gryph.

32 3541 121 3682 l'ulg.
145 3595 289 3654 Vertran.
309 3627 350 3640 -
370 3597 424 3668 oui
441 3597 487 3654 ilo
510 3595 628 3677 Sciopp.

7 3691 24 3738 ιι
52 3673 168 3760 magis]
206 3674 337 3734 Floreut.
364 3674 432 3733 Scio
454 3697 483 3755 p.
513 3707 553 3720 -·
589 3677 670 3750 quod
687 3676 783 3751 magis
804 3671 903 3735 Codex
924 3673 956 3731 R
980 3672 1059 3732 Edit.

50 3757 125 3816 rinc.
149 3766 213 3816 vet.
239 3753 383 3814 Rholaud.
439 3767 513 3814 euet
535 3754 556 3813 l.
577 3755 612 3813 ll.
639 3753 705 3813 ΛΜ.
726 3753 812 3814 Basil.
832 3753 920 3814 Puris.
943 3750 1057 3834 Gryph.

29 3779 121 3922 l'ulg.
143 3835 288 3894 Vertruu.
858 3844 861 3850 '

26 3937 100 3976 sono
124 3911 180 3998 id]
206 3913 339 3974 Floreut.
360 3911 478 3994 Sciopp.
498 3945 538 3958 -
558 3911 595 3972 id
609 3935 680 3972 sono
701 3912 798 3972 ceteri.

8 3997 69 4058 utell
111 3989 206 4076 atur]
226 3993 359 4054 Floreut.
378 4027 418 4036 -
437 3992 632 4072 intelligutur
651 3992 749 4051 ceteri.

8 4077 75 4140 tora
117 4073 261 4137 meent
280 4071 349 4135 Ald.
368 4069 433 4133 Bas.
453 4101 493 4118 -·
512 4073 622 4131 littora
642 4070 732 4132 ceteri

718 4163 859 4242 [ιδ’]
