2640 4670
242 325 304 390 tto
574 313 718 387 LlBER
739 323 965 402 QUINTUS.

242 499 448 598 demptione,
486 525 587 598 quom
613 501 721 572 minue
752 526 790 571 ro
817 500 940 572 tactum
961 527 1060 598 quam
1083 503 1200 602 quanti
1225 529 1287 574 con·

241 623 317 676 atat.
361 605 508 676 Lucrum
529 607 571 676 ab
592 605 731 691 luendo,
771 606 800 675 si
821 607 962 703 amplius
985 631 1102 704 quanm
1134 623 1171 676 nt
1196 608 1288 677 exsol·

240 727 345 797 vetet,
384 709 498 809 quanti
526 728 628 796 esset,
667 729 807 809 captum.
866 711 1107 783 Detrimentum
1128 737 1150 783 a
1171 711 1289 796 detritu,

240 817 331 912 qnod
354 839 500 913 eaquae
523 813 617 900 trita,
652 817 789 886 minoris
811 817 916 912 pretii.
972 818 1025 887 Ab
1050 818 1165 888 eadem
1188 831 1312 916 montel

238 921 515 992 Intertrimentum
537 920 656 1003 abeo,
679 920 769 1015 quod
792 921 859 991 duo
883 947 968 1017 quae
991 923 1077 992 inter
1099 949 1136 993 se
1158 923 1244 1007 trita,
1265 937 1290 991 et

240 1025 424 1110 deminuta,
446 1049 467 1094 a
489 1049 555 1121 quo
580 1026 676 1094 etiam
698 1025 821 1121 lntrigo
846 1027 943 1096 dicta.
987 1026 1096 1096 Multa
1118 1051 1138 1095 a
1159 1028 1289 1124 pecunia

240 1155 325 1227 qnae
353 1153 374 1200 a
395 1129 588 1222 magistratu
610 1129 713 1216 dicta,
751 1149 788 1202 nt
812 1130 894 1224 exigi
914 1147 1030 1226 posset
1051 1132 1095 1201 ob
1117 1149 1312 1227 peceatum*

240 1231 346 1325 Quod
374 1233 523 1330 singulae
555 1233 706 1306 dicuntur
731 1235 916 1332 appellatae
939 1261 1028 1323 esse,
1064 1236 1184 1308 multas
1208 1236 1288 1335 quod

279 1565 369 1622 pram
393 1543 477 1620 quod
492 1565 531 1604 er
550 1565 582 1604 eo
603 1545 685 1622 quod
701 1543 832 1604 debitum
850 1543 975 1622 reliquit
1002 1541 1076 1605 Cod.
1095 1543 1131 1606 B.
1150 1543 1191 1606 ita
1210 1542 1287 1605 etiam
1311 1519 1312 1530 .

279 1622 385 1684 omisso
403 1622 498 1704 priori
517 1625 600 1700 quod
616 1621 703 1705 Vulg.
722 1623 823 1684 Vertr.
842 1655 883 1670 -
902 1644 960 1684 om.
981 1623 1100 1706 Sciopp.

238 1724 343 1807 quom]
364 1726 456 1788 Havn.
476 1758 517 1773 -
541 1749 604 1786 amu
624 1723 721 1786 ceteri.

237 1804 582 1948 neriilliiimuiurq'mm
601 1803 767 1882 Turnebus,
785 1825 803 1865 a
822 1805 962 1888 Scioppio
982 1818 1140 1890 receptum.
1153 1839 1195 1852 -
1212 1805 1287 1866 Fort-

237 1979 273 2042 ab
294 1979 422 2066 luendo]
441 1981 523 2042 Flor.
544 1979 632 2074 vulg.
651 1981 787 2042 vertrau
809 1978 927 2063 Sciopp.
939 2013 981 2026 -
1000 2004 1020 2041 a
1040 1983 1180 2044 luendum
1198 1981 1286 2042 Harn

232 2105 237 2112 .
275 2092 317 2108 —
336 2085 358 2120 a
376 2063 485 2122 luendo
503 2072 602 2122 ceterr.

237 2177 323 2236 quam
342 2167 376 2216 ut
394 2153 571 2234 exsolveret]
602 2153 733 2215 Florent.
752 2153 830 2216 Edit
852 2153 945 2236 princ.
965 2168 1068 2218 retest.
1089 2156 1203 2218 Victor.
1221 2157 1286 2216 Ver.

176 2265 178 2268 ·
276 2234 359 2296 Lect-
378 2235 465 2310 Xlll,
485 2235 532 2296 2⁴.
553 2266 594 2279 -
624 2257 714 2312 quam
733 2247 766 2294 ut
784 2236 931 2295 exolvere!
948 2235 1036 2298 Rhot.
1056 2237 1131 2298 Ven.
1152 2238 1173 2296 l.
1193 2237 1228 2296 ll.
1248 2267 1285 2280 -

298 2338 368 2374 uam
383 2316 465 2391 quod
482 2316 643 2374 exsolveret
663 2315 757 2374 Havn.
770 2347 810 2359 -·
830 2337 919 2392 quam
938 2331 971 2376 ut
991 2319 1139 2377 noluerit
1159 2314 1232 2377 cod.
1251 2314 1286 2372 B.

306 2392 344 2454 ld.
363 2394 427 2454 Bas.
448 2392 536 2453 Paris.
555 2392 670 2475 Gryph.
690 2425 732 2438 --
751 2415 840 2468 quam
859 2395 1007 2456 noluerit
1026 2395 1114 2480 Vulg.
1134 2429 1175 2442 -
1195 2418 1235 2455 er
1252 2417 1283 2452 eo

277 2475 370 2534 luerit
389 2471 544 2556 Augustin.
564 2493 654 2555 marg.
674 2493 709 2532 ex
729 2472 852 2533 coniect.
872 2471 1051 2537 Vertranins.
1069 2509 1109 2520 -
1142 2477 1286 2536 exulceret

276 2575 367 2630 quum
386 2550 549 2613 Turnebus.
570 2585 611 2597 -
630 2575 719 2629 quam
738 2551 857 2633 Sciopp.

235 2648 324 2731 pretir
359 2650 458 2724 precii
475 2645 562 2706 ahot.
582 2646 687 2707 Venet.
707 2647 730 2706 l.
750 2647 786 2707 ll.
806 2645 836 2707 G
892 2647 980 2709 lu—
996 2651 1115 2726 praetii
1130 2648 1260 2710 Floreut

235 2727 271 2790 ab
292 2749 325 2788 ea
343 2748 389 2788 em
409 2738 506 2787 mente
558 2727 583 2784 F
585 2725 689 2786 lorent.
709 2727 803 2787 Havn.
824 2726 870 2788 Co
891 2773 899 2787 .
919 2729 954 2788 B.
975 2729 1052 2789 Edit
1071 2729 1162 2812 prino
1183 2739 1286 2790 vetust.

274 2805 364 2868 Rhol.
384 2807 490 2868 Venet.
525 2807 589 2866 .ll.
609 2803 675 2864 ΑΜ.
702 2805 786 2866 Basil.
805 2806 893 2868 Paris.
913 2805 1029 2890 Gryph.
1048 2842 1089 2855 —-
1122 2811 1168 2869 ud
1185 2811 1286 2869 cadem

234 2987 251 3028 a
274 2886 651 3027 lznffisuzbfflm
670 2883 786 2969 Vulgat„
807 2920 847 2931 —
867 2890 906 2948 ab
926 2893 1026 2948 eodem
1046 2888 1164 2971 Sciopp.

233 2988 321 3108 etiim
331 2962 409 3106 intui
430 2989 543 3104 oilicta
595 3009 676 3103 Flor.
696 3043 789 3104 ΗΜ.
808 3043 862 3106 Ea
883 3045 977 3127 princ.
996 3059 1101 3109 vetust.
1120 3045 1207 3107 Rhol.
1226 3046 1287 3105 Ve-

274 3136 327 3187 net
355 3126 376 3184 l.
398 3065 435 3184 li.
455 3123 522 3184 Ald.
570 3122 629 3183 asil.
648 3155 689 3169 -·
721 3126 813 3184 ett’am
832 3127 988 3207 intertrigo
1010 3129 1092 3187 dicta
1112 3147 1148 3187 ex
1168 3125 1287 3187 Bentini

273 3202 461 3287 castigatione
480 3203 569 3262 Paris.
590 3200 619 3262 G
676 3201 705 3261 h.
718 3233 760 3248 ·-
791 3206 884 3263 etiam
903 3207 1016 3287 intrigo
1040 3209 1124 3266 dr‘cta
1144 3221 1173 3266 ct
1193 3209 1287 3266 inter·

273 3286 320 3343 tr'
338 3306 354 3343 o
375 3282 449 3343 cod.
469 3282 504 3342 B.
523 3280 612 3365 Vulg.
660 3292 766 3342 ertran.
787 3282 836 3342 sci
852 3305 907 3422 pp.

232 3307 340 3444 multia
365 3364 476 3422 mulcta
495 3359 574 3420 Edit.
594 3361 685 3441 princ.
705 3371 763 3423 vet.
782 3361 850 3422 Rho
892 3365 997 3426 Venet.
1018 3365 1040 3424 l.
1061 3365 1098 3424 ll.

231 3437 407 3580 :pecuniap
423 3443 549 3517 pecum'a
568 3441 705 3501 Vertran.
726 3441 845 3523 Sciopp.
914 3524 922 3540 ι
1033 3523 1041 3539 ⁸

231 3519 710 3684 orttttrtztutt.
725 3519 932 3662 l..‡..t’.⁰“‘¹
952 3535 1052 3584 Μ

230 3677 308 3758 ease]
329 3679 461 3740 Floreat.
481 3680 576 3738 Ham.
598 3677 676 3754 cod„
685 3677 720 3738 B.
742 3678 821 3741 Edit.
840 3679 932 3763 princ.
951 3692 1009 3742 vet.
1028 3679 1115 3742 Rhol.
1137 3681 1242 3742 Venet.
1265 3683 1289 3742 Ι.

271 3760 306 3820 11.
328 3759 428 3820 Vertr.
448 3757 537 3842 Vulg.
557 3790 598 3804 -
621 3780 675 3817 eae
693 3756 760 3817 Altl
780 3759 844 3820 Bas.
863 3760 951 3820 Paris.
972 3760 1085 3843 Gryph.
1108 3761 1223 3843 Sciopp.
1246 3795 1290 3807 -

269 3839 353 3898 Fort.
374 3839 512 3916 quod...
533 3860 593 3896 esse
612 3857 647 3898 ex
688 3834 760 3897 losse
779 3839 809 3897 in
831 3851 940 3899 textum
961 3839 1046 3900 illata.

230 3916 349 3997 multas]
376 3919 470 3977 Havn.
492 3915 592 3977 Codex
612 3916 647 3975 B.
666 3855 733 3976 ild.
753 3917 838 3978 Basil.
858 3919 945 3979 Paris.
966 3919 1080 4002 Gryph.
1099 3953 1140 3967 -
1157 3921 1293 3980 mulctas

270 3996 401 4058 Florent.
420 3995 499 4056 Edit.
519 3996 610 4078 princ.
629 3995 900 4059 vetuelthotaua
921 3999 1025 4060 Venet.
1045 4003 1067 4058 l.
1088 4002 1125 4061 ll.
1143 4033 1184 4046 -
1205 4000 1312 4060 mul-¹

268 4091 321 4140 m
339 4075 428 4160 Vulg.
448 4075 547 4137 Verte.
566 4107 607 4122 -
626 4077 725 4136 multa
744 4075 864 4161 Sciopp.
