2640 4670
203 285 264 354 m
535 284 676 349 LIBER
696 282 925 362 QUINTUS.

203 463 270 536 dio.
328 461 436 533 Uncia
458 461 500 533 ab
520 487 600 534 uno.
658 461 797 534 Sextans
828 461 870 532 ab
894 485 933 531 eo
957 458 1048 554 qnod
1070 473 1161 530 sexta
1180 483 1254 555 pars

203 567 304 654 assis,
325 583 362 637 ιιι
383 564 561 658 Quadrans
585 568 675 663 quod
698 583 826 663 qanta,
848 581 882 636 et
904 565 1025 635 Trions
1050 564 1140 661 quod
1161 565 1254 634 tertia

202 699 291 769 pars.
337 671 445 742 Souris
471 672 560 768 quod
582 671 699 757 semis,
721 672 755 741 id
778 687 828 742 ost
850 687 886 738 ιιι
908 669 1077 740 dimidium
1100 669 1202 754 assis,
1224 685 1254 770 nt

203 801 303 872 snpra
334 777 539 846 dictumest.
588 773 736 872 Septnnr
759 801 780 845 a
802 791 927 872 septem
951 792 983 845 et
1005 775 1101 844 uncia
1123 773 1252 844 conclu·

129 889 190 966 (41)
202 907 285 954 snm.
345 879 488 977 Reliqua
512 879 702 952 obscuriora
726 881 816 978 quod
839 906 859 951 a
882 879 1125 966 deminutione,
1163 895 1197 951 et
1220 904 1253 950 ea

240 1203 290 1250 m
312 1182 394 1270 [cod.
414 1196 569 1250 namt
585 1185 665 1278 Δῐᾼ]
684 1187 832 1287 anisam
850 1177 1068 1247 retribuimus
1087 1179 1251 1251 randum

242 1261 354 1348 ’burigun
365 1267 488 1348 aigyvga‘i',
507 1261 572 1327 bu
583 1261 609 1326 ii
626 1272 738 1351 χςνσῖ,
756 1289 829 1349 επις
846 1269 897 1327 arsi
914 1259 999 1344 prim
1016 1260 1143 1342 rw‘ptpns
1159 1257 1250 1342 φισῖι.

198 1366 276 1448 uno]
298 1393 354 1431 uno
375 1371 458 1431 dicta
476 1368 648 1432 Priscianus.

197 1461 285 1548 assis]
304 1465 381 1526 assai
400 1478 443 1526 est
462 1464 633 1526 Priscianus.

198 1571 234 1622 ut
254 1555 409 1642 quadrans]
436 1559 569 1622 Florent.
588 1563 682 1622 Havn.
702 1557 770 1622 ald.
790 1559 855 1620 Bas.
874 1557 964 1620 Paris.
984 1557 1100 1643 Gryph.
1120 1595 1159 1606 --
1178 1563 1250 1622 ,imi

240 1643 395 1717 quadrans
420 1640 494 1703 Cod.
515 1642 550 1701 B.
571 1642 649 1702 Edit.
670 1640 762 1722 princ.
781 1651 841 1701 vot.
861 1637 950 1698 Rhol.
969 1640 1044 1700 Ven.
1065 1641 1088 1700 1.
1109 1641 1147 1701 11.
1167 1639 1250 1722 Vulg.
1306 1705 1307 1736 1

238 1717 376 1781 Vertran.
396 1719 515 1801 Sciopp.
535 1753 575 1766 -
597 1719 761 1802 Quadratus
779 1717 948 1780 Priscianus.

198 1826 230 1876 et
255 1813 360 1894 trIens]
395 1837 495 1877 omncs
520 1815 662 1878 Varronis
683 1814 749 1874 libri
769 1827 800 1876 et
819 1814 893 1876 Cod.
914 1815 1028 1875 Monac.
1048 1813 1194 1876 Prisciani.
1213 1849 1250 1862 -

239 1893 338 1956 Ceteri
359 1893 425 1956 libri
444 1895 534 1956 Prisc.
554 1910 607 1956 est.
631 1895 742 1956 Tricas.
1306 1906 1307 1982 t

198 1989 279 2071 quod
299 1990 400 2073 tertia]
422 1991 557 2052 Florent.
575 1991 669 2051 Havn.
689 1989 859 2050 Priscianus.
878 2021 919 2036 -
939 1993 1022 2068 quod
1037 2010 1095 2050 orn.
1115 1990 1214 2051 ceteri.
1306 1983 1307 2052 i

198 2085 292 2148 Seruis
317 2087 396 2168 quod
421 2084 522 2224 semis}
554 2086 685 2147 Florent.
705 2086 799 2146 Havn.
825 2085 903 2146 Edit.
923 2085 1016 2167 princ.
1036 2097 1141 2148 vctnst.
1165 2083 1249 2146 ahot

236 2166 342 2227 Venet.
362 2167 385 2226 1.
406 2168 444 2227 11.
463 2166 502 2227 Al
524 2211 532 2225 .
552 2167 617 2227 Bas.
636 2165 702 2226 Par.
722 2162 837 2248 Gryph.
858 2165 1025 2227 Priscianus.
1046 2198 1088 2211 -
1118 2165 1250 2224 Semr'ssis
1306 2189 1307 2218 1

238 2243 313 2306 cod.
333 2245 368 2304 B.
388 2279 429 2292 -
460 2247 590 2306 semissis
610 2247 691 2323 quod
707 2247 829 2305 semum
848 2245 936 2328 Vulg.
958 2245 1076 2327 Sciopp.
1096 2277 1137 2291 -·
1157 2245 1249 2304 Semr's
1306 2239 1307 2302 i

258 2327 321 2384 uod
337 2327 444 2384 sanius
462 2322 593 2386 Turneb.
614 2325 713 2386 Vertr.
733 2355 774 2370 -
799 2325 895 2385 Semir
914 2327 996 2402 quod
1010 2326 1138 2384 reinissr's
1156 2322 1248 2384 Kreh-
1306 2365 1307 2368 =

237 2349 292 2464 i'us
311 2404 346 2464 ad
366 2402 454 2464 Prisc.
476 2403 582 2464 locum.
606 2403 685 2467 ldem
706 2403 785 2484 quod
805 2405 892 2465 affert
911 2405 1000 2466 Falso
1020 2406 1110 2464 etiam
1130 2405 1162 2463 ia
1181 2404 1246 2463 edd.

235 2483 383 2543 Varronis
403 2483 429 2544 ie
452 2483 473 2543 ἰ
504 2484 599 2544 Semis
619 2486 701 2559 quod
716 2485 854 2558 semiaes3
879 2485 940 2566 ipse
960 2483 1030 2544 salso
1051 2482 1108 2542 hoc
1127 2481 1249 2552 notarit;
1306 2489 1307 2544 f

236 2561 317 2622 nulla
343 2561 420 2622 enim
473 2562 585 2624 arronis
605 2563 682 2624 Edit.
703 2562 804 2625 utillo
824 2561 1102 2702 scrissit,exhibet;
1123 2574 1247 2622 ceterum

235 2639 381 2702 verissima
406 2640 492 2704 le'rtio
518 2653 580 2718 cst,
654 2663 698 2702 am
725 2640 806 2702 Flor.
831 2641 876 2704 Co
898 2687 905 2702 .
926 2654 957 2702 et
976 2642 1049 2702 Edd.
1068 2640 1161 2723 princ.
1181 2641 1247 2702 iren
1306 2669 1307 2682 ι

234 2719 396 2783 Priscianus
416 2733 584 2784 servarunt:
630 2724 714 2794 cmii,
735 2726 818 2799 quod
833 2724 929 2782 semri.

195 2815 227 2876 id
247 2814 306 2896 est]
329 2815 461 2879 audon.
482 2819 596 2880 Monac.
616 2817 763 2880 Prisciani.
782 2815 859 2877 uude
880 2819 958 2876 idem
978 2814 1140 2900 legendnm

194 2921 230 2972 nt
253 2909 416 3007 dimidium]
450 2913 583 2976 Floreat.
602 2915 696 2976 Havn.
715 2947 756 2964 -
786 2914 953 2985 drinidium,
981 2911 1085 2974 omisso
1106 2926 1140 2973 ut
1160 2909 1247 2974 ceteri
1306 2981 1307 2988 ἵ

234 3011 300 3051 cnm
319 2991 475 3054 Prisciauo.

194 3104 212 3147 a
231 3084 356 3168 septem]
378 3111 398 3148 a
418 3089 482 3148 VII
498 3087 572 3150 (lod.
591 3088 627 3150 B.

195 3179 295 3262 uncia]
316 3183 404 3243 unr'ca
424 3183 502 3244 Edit.
521 3196 627 3246 vetust.
1306 3201 1307 3286 t

197 3276 381 3357 conclusum]
401 3279 482 3339 Flor.
495 3279 590 3340 Harn.
611 3280 689 3340 Edit.
709 3279 801 3362 princ.
820 3293 878 3343 ret.
898 3279 986 3342 Rhol.
1006 3281 1080 3341 Ven.
1090 3281 1114 3340 l.
1124 3279 1160 3341 11.
1179 3277 1247 3340 Ala
1306 3301 1307 3372 ι

232 3358 298 3419 Bas.
318 3358 384 3418 Par.
404 3359 450 3419 Gr
490 3359 519 3420 b.
539 3359 628 3442 Vulg.
649 3359 768 3442 Sciopp.
788 3360 936 3422 Bentleius
955 3360 989 3421 ad
1010 3357 1089 3420 Phal.
1110 3381 1175 3444 pag.
1187 3359 1248 3419 416

232 3437 313 3520 Lips.
338 3471 379 3488 -
411 3383 553 3501 turibium
579 3439 759 3523 Augustinus
778 3441 809 3499 in
828 3441 957 3524 margine
978 3461 1013 3501 cx
1032 3439 1125 3515 libro,
1158 3437 1248 3501 etita

231 3520 334 3581 Vertr.
353 3518 452 3581 edidit.
471 3555 510 3565 —
539 3521 631 3580 Alius
649 3521 678 3578 V
676 3533 715 3579 et.
735 3517 854 3581 Codeta
872 3520 1014 3582 conlrium
1033 3520 1152 3602 Sciopp.
1171 3539 1248 3580 mar-
1306 3541 1307 3550 ¹

231 3600 309 3686 gine.
328 3633 369 3646 -·
387 3602 523 3661 collisum
542 3599 712 3660 Priscianus.

191 3694 376 3775 obscuriora]
397 3699 519 3758 obscura
538 3693 606 3756 Ald.
626 3696 692 3756 Bas.
711 3696 777 3756 Par.
797 3694 914 3778 Grypb.

190 3789 439 3885 aaemrnunone]
473 3791 555 3852 nor.
576 3791 694 3876 vulgat.
717 3791 835 3930 ⁸⁶³⁰ii'
855 3825 896 3840 -
915 3815 937 3853 a
957 3793 1152 3854 armanum
1169 3788 1245 3882 coo.

230 3871 602 3952 B.Edst.pr1nc.vctust.
622 3905 662 3918 -
682 3871 770 3932 ahot.
820 3893 866 3932 en.
887 3874 909 3932 1.
930 3873 965 3932 ΙΙ.
985 3871 1053 3932 ald.
1075 3873 1139 3933 Bas.
1158 3871 1246 3930 Paris.
1306 3919 1307 3928 ,

231 3949 347 4032 Gryph.
366 3982 409 3996 -
426 3951 466 4009 od
487 3953 679 4012 diminutione
700 3951 775 4014 Cod.
794 3952 909 4012 Monac.
929 3951 1018 4014 Prisc.
1032 3985 1072 4000 -
1093 3954 1132 4013 ud
1150 3951 1246 4012 dimu-
1306 3931 1307 3972 ¹

231 4031 341 4091 uitione
360 4031 454 4094 liavn.
474 4063 515 4078 -·
535 4033 581 4093 ud
598 4033 826 4094 damantionem
845 4033 981 4094 Vertran.
