2732 4686
417 275 559 338 LIBER
588 273 760 340 NONUS.
1055 275 1116 342 stt

151 455 206 528 ³3.
251 449 357 540 Quod
379 452 501 540 dicunt,
523 478 587 524 nos
610 453 703 550 sequi
727 451 1035 537 dissimilitudinem,
1056 451 1116 522 ite·

49 582 126 654 que
155 557 192 626 in
212 556 346 646 vestitu,
384 558 419 628 in
442 556 642 654 supellectile
667 557 819 630 delectari
839 559 1011 643 varietate,
1047 583 1117 628 non

1 687 9 728 ;·
48 661 194 758 paribus
217 661 383 732 subuculis
407 663 531 747 uxoris,
559 663 766 759 respondeo,
788 665 818 734 si
839 665 980 735 varietas
1002 661 1117 732 iucun-

50 767 165 854 ditas,
188 768 293 861 magis
314 767 439 838 nauium
464 792 549 850 esse,
571 768 605 836 in
629 793 695 863 qno
719 767 783 837 elia
805 785 882 838 sunt
903 767 1031 852 similia,
1052 765 1117 837 alia
1130 783 1208 858 (un)

48 897 132 942 mon
154 889 246 942 suut:
284 871 394 969 itaque
419 873 502 942 sicut
523 873 661 942 abacum
684 889 820 966 urgento
845 874 969 957 ornari,
996 871 1118 942 utalia

49 976 154 1072 paria
175 977 257 1061 sint,
281 977 344 1046 elia
365 977 528 1072 disparia,
549 978 596 1048 sic
621 977 812 1048 orationem.
855 976 1002 1074 Rogant,
1024 977 1052 1046 si
1075 977 1118 1048 si·

1 1115 3 1121 v
52 1080 213 1152 militudo
238 1081 280 1152 sit
300 1082 485 1178 sequenda,
516 1107 573 1151 cur
592 1081 743 1152 malimus
766 1083 887 1154 babere
909 1082 1012 1154 lectos
1035 1082 1118 1153 alios

55 1212 103 1259 ex
136 1185 251 1274 ebore,
290 1186 373 1258 alios
405 1215 443 1257 ex
471 1185 652 1272 testudine,
690 1187 738 1256 sic
763 1187 842 1258 item
864 1213 984 1283 genere
1007 1187 1116 1282 aliquo
1131 1201 1183 1260 138

54 1289 142 1362 alio.
174 1290 228 1362 Ad
251 1317 336 1389 quae
359 1293 432 1362 dico
455 1317 524 1362 non
547 1289 825 1362 dissimilitudines
850 1306 983 1390 quo'que
1006 1293 1117 1390 sequi:

54 1421 164 1492 saepe
193 1397 303 1493 itaque
333 1423 372 1468 ex
401 1397 517 1468 eedem
545 1396 736 1492 supellectili
767 1397 844 1470 licet
875 1399 1001 1489 videre;
1039 1405 1119 1470 nim

53 1527 162 1572 nemo
184 1500 263 1572 iecit
283 1501 413 1574 triclinii
435 1501 555 1588 lectos,
588 1501 653 1573 uisi
672 1501 780 1598 percis
804 1518 836 1574 et
858 1503 993 1576 materie
1016 1519 1049 1575 et
1071 1503 1118 1574 nl-

320 1799 324 1806 ·
443 1780 552 1863 cap.
598 1779 736 1840 11111111.

52 1903 115 1944 nos
135 1882 216 1964 sequi
234 1881 504 1963 dissimilitudinem]
532 1882 632 1945 Codex
652 1883 686 1973 Β
706 1880 823 1966 Vulgst
841 1881 978 1944 Vertrsu.
997 1882 1118 1965 Sciopp.

100 1995 143 2008 -
166 1985 219 2022 nos
245 1964 518 2024 dissimilitudinem
537 1963 617 2023 Flor.
637 1963 691 2024 Ed.
710 1961 802 2042 princ.
822 1973 880 2025 vel.
900 1961 988 2024 Rbol.
1009 1963 1115 2024 venet.

101 2043 125 2100 l.
147 2042 183 2102 ll.
202 2073 242 2087 -
263 2067 320 2102 non
341 2043 612 2104 dissimilitudinem
631 2043 725 2102 Havn.
738 2074 779 2088 -
799 2066 852 2102 uos
872 2043 1118 2104 dissimilitudine

55 2119 253 2338 suffelieclilesl
271 2121 474 2276 {dipelleliilhi
495 2199 569 2263 cod.
589 2201 624 2260 Β.
644 2198 723 2260 Edit.
743 2213 801 2262 vet.

55 2279 95 2340 de
109 2275 221 2454 cctam}
237 2281 414 2340 deleleclari
431 2279 509 2341 Edit.
528 2279 622 2362 princ.

56 2357 206 2420 subuculis
242 2361 294 2418 sul
314 2361 407 2420 oculis
426 2359 505 2419 Edit.
527 2360 618 2442 princ.
637 2371 741 2420 vetust.
761 2393 801 2406 --
819 2361 983 2421 subuculeis
1003 2359 1092 2445 Vulg.

54 2437 183 2499 varietss
201 2436 375 2518 iucunditas]
401 2438 481 2499 Flos.
503 2439 596 2499 litun.
615 2439 722 2500 Vencl.
742 2441 765 2500 l.
786 2441 838 2516 ll.,
858 2441 927 2502 item
947 2441 997 2502 sed
1017 2441 1118 2502 iocun-

102 2519 186 2576 ditas
210 2517 288 2578 Edit.
308 2519 399 2600 princ.
418 2530 522 2580 vetust.
552 2517 640 2579 llbol.
659 2551 699 2565 -
734 2522 863 2579 sarebias
883 2535 926 2578 est
946 2521 1118 2580 iucunditas

101 2593 204 2658 Codex
223 2597 258 2656 B.
278 2630 318 2644 -
344 2599 473 2658 varians
491 2589 620 2658 alicunde
640 2597 706 2658 Ald
726 2597 812 2658 Besil.
832 2598 921 2660 Paris.
942 2597 1056 2682 Grypb.
1076 2631 1118 2646 -

102 2678 232 2736 varietas
251 2690 294 2736 cst
313 2678 442 2738 iucunda
462 2676 550 2761 Vulg.
570 2677 707 2738 Vertreu.
728 2678 847 2761 Sciopp⁰

57 2775 121 2816 nou
142 2754 225 2835 sunt]
244 2771 312 2815 sunt
331 2757 425 2818 Havn.

58 2835 175 2974 orffl’
188 2833 246 2974 I{tt}
271 2836 475 2978 1l“l‹ss·.GHev}r:.
496 2837 574 2898 Edit.
594 2836 686 2934 princ.
699 2848 811 2978 Zetust.
832 2835 1059 2978 ffbglhvguxli
1077 2839 1117 3000 1}

161 2937 269 3009 ,πῃ
296 2937 335 2976 er.
387 2939 841 3000 ryp.·-ernarsoicmusu
904 2935 951 2977 o.
998 2960 1007 2975 .
1057 2940 1117 2978 u.

59 2994 369 3172 usissiiiasislipliu
389 3073 524 3170 eupasia]
559 3073 633 3136 coe.
653 3077 689 3136 n
710 3073 797 3157 vug.
818 3073 917 3134 vens.
939 3075 1027 3156 susp
1050 3108 1117 3135 .-

100 3153 169 3214 alsa
197 3155 335 3230 disparia
354 3155 448 3215 Havu.
470 3155 546 3216 Edu.
564 3155 658 3239 princ.
678 3166 782 3216 vetust.
803 3151 891 3215 Rhot.
911 3155 1016 3216 Venet.
1029 3097 1059 3220 l
1079 3155 1117 3215 ll.

100 3232 169 3294 Ald.
189 3233 254 3293 Bas.
273 3233 360 3295 Puris⁴
384 3233 429 3295 Gr
465 3233 497 3294 'h.
516 3267 556 3281 -
577 3236 645 3295 alia
662 3235 756 3310 paria
775 3232 856 3294 Flet.

57 3313 101 3375 sic
121 3310 298 3391 orationem]
333 3313 414 3375 Flos.
479 3335 525 3376 vn.
545 3311 633 3375 Rbol.
653 3315 759 3375 venet„
779 3315 801 3374 Ι.
822 3314 860 3374 ll.
879 3310 946 3376 Ald.
968 3314 1030 3375 Bes.
1051 3314 1117 3375 Per.

53 3453 55 3458 ,
103 3391 219 3474 Grypb.
239 3395 328 3454 -si
346 3396 481 3454 oratione
499 3393 554 3453 Ed.
575 3392 667 3476 princ.
687 3405 794 3456 velust.
808 3427 848 3440 -
866 3397 910 3455 sic
930 3396 962 3454 in
982 3396 1118 3456 eratione

101 3471 175 3534 Cod.
195 3472 228 3531 B.
250 3471 338 3556 Vulg.
358 3473 455 3533 Vertr.
478 3473 596 3556 Sciopp.

58 3549 205 3632 malimus]
225 3554 373 3612 malumus
391 3553 484 3614 Havn.

57 3627 167 3711 ebore]
188 3635 269 3692 chere
287 3633 381 3694 Hsvn.

57 3711 126 3774 dico
147 3707 227 3791 non]
262 3713 326 3772 dics
348 3735 400 3772 nos
418 3711 574 3794 Angustia.
594 3711 626 3772 in
645 3709 796 3772 Emendat.
816 3711 915 3773 vern.
937 3711 1057 3794 Sciopp.
1076 3743 1116 3758 -

101 3791 167 3850 dico
188 3813 240 3850 nus
258 3791 470 3851 similitudines
491 3790 527 3851 St
564 3789 629 3852 han.
648 3791 675 3850 Α
697 3791 781 3872 pend.
802 3813 866 3874 pag.
887 3794 955 3854 172.

56 3867 247 3952 supellectih]
268 3871 471 3946 suppellectili
489 3869 533 3932 Co
555 3913 563 3929 .
583 3813 717 3932 mdc
739 3869 830 3950 princ.
851 3882 909 3932 vet.

57 3947 169 4032 paneis]
189 3948 270 4009 Flos.
290 3949 409 4034 vulget.
429 3951 563 4010 vertras.
584 3949 703 4032 Sciopp.
721 3951 865 4027 -paris
884 3949 996 4031 reliqui.

58 4041 91 4093 et
110 4023 279 4112 altitudine]
300 4045 327 4090 et
349 4053 370 4092 a
389 4031 554 4094 latitudine
573 4029 650 4092 Edit
671 4029 763 4112 princ.
783 4041 889 4091 seusu
