2722 4676
249 309 292 374 80
582 309 724 373 LIBER
744 308 977 386 QUINTUS.

252 483 393 557 Praetor
421 483 525 558 dictus
556 485 612 584 qni
638 485 781 584 praeiret
801 489 872 560 iure
896 503 929 560 et
951 488 1107 574 exercitu3
1144 515 1254 587 aquo
1276 489 1313 560 id

253 603 426 661 molstus
1225 603 1229 611 ²

211 759 214 765 .
298 693 393 789 Ergo
409 708 604 788 praetorum
624 709 676 768 est
696 708 775 768 mete
792 697 931 790 praez're

256 797 387 870 Censor
413 800 457 871 ad
480 801 599 898 quoius
623 803 829 883 censionem,
858 802 893 873 id
916 817 966 874 est
987 801 1170 890 arbitrium,
1198 829 1316 874 cense-

253 921 343 976 retur
378 905 533 1002 populus.
591 906 717 978 Aedilis
754 908 810 1005 qni
838 907 939 978 aedes
971 932 1081 979 sacras
1110 925 1144 980 et
1170 908 1316 1004 privatas

204 1025 208 1032 '
255 1027 457 1108 procuraret.
517 1010 723 1102 Quaestores
753 1037 773 1082 a
796 1011 984 1108 quaerendo
1007 1013 1063 1110 qui
1085 1013 1318 1110 conquirerent

257 1115 406 1213 publicas
428 1118 585 1212 pecunias
609 1134 642 1188 et
661 1117 837 1202 maleficia,
874 1142 958 1214 quae
981 1118 1136 1188 biumviri
1158 1117 1317 1214 capitales

257 1247 346 1292 nuuc
370 1222 580 1318 conquiruut3
620 1223 662 1293 ab
684 1223 737 1293 bis
760 1238 877 1318 postea
901 1221 956 1318 qui
979 1224 1208 1319 quaestionum
1230 1222 1317 1292 iudi·

258 1325 308 1396 cia
331 1342 496 1412 exercent,
519 1323 725 1416 Quaestores
749 1326 838 1396 dieti.
898 1325 1041 1398 Tribuni
1060 1326 1197 1398 militum
1223 1329 1318 1423 quod

117 1451 123 1462 ·
258 1430 343 1502 terni
366 1431 467 1502 tribus
489 1430 635 1502 tribubus
658 1431 857 1516 Ramnium,
878 1429 1059 1518 Lucerum,
1081 1431 1214 1502 Ticium
1235 1432 1320 1503 olim

260 1535 304 1607 ad
327 1535 502 1606 exercitum
524 1537 745 1609 mittebantur.
796 1533 936 1604 Tribuni
957 1536 1066 1632 plebei
1088 1535 1177 1634 quod
1199 1563 1239 1606 ex
1261 1539 1320 1608 tri·

256 1640 360 1744 =bunis
384 1639 522 1712 militum
543 1649 685 1738 primum
706 1640 826 1710 tribuni
847 1639 956 1736 plebei
976 1640 1069 1726 lacti,
1107 1641 1163 1738 qui
1183 1641 1321 1737 plebem

261 1744 477 1816 defenderent
497 1747 534 1816 in
555 1747 744 1819 secessione
766 1744 1022 1820 Crustumerina.
1042 1745 1204 1816 'Dictator
1226 1747 1323 1845 quod

262 1875 284 1922 a
313 1851 448 1922 consule
477 1852 661 1932 dicebatur,
702 1851 781 1948 quoi
808 1851 894 1921 dicto
925 1850 1097 1922 audientes
1125 1877 1242 1922 omnes
1268 1877 1321 1924 es-

262 2071 326 2136 iurr
346 2085 377 2136 et
395 2068 541 2154 exercitu]
562 2073 627 2132 iuri
643 2087 672 2134 et
692 2073 840 2134 exercitui
854 2069 987 2137 Turneb-
1008 2071 1127 2154 Sciopp.

261 2150 310 2237 id]
330 2172 387 2213 om.
408 2151 483 2214 cod.
502 2151 538 2212 B.
557 2152 616 2212 Vul
638 2199 645 2213 .
670 2153 769 2214 Vertr.
791 2152 910 2236 Sciopp.

261 2227 408 2314 Lucilius]
426 2231 572 2293 Lucillam
590 2173 668 2294 Edit„
687 2244 794 2295 verost
857 2325 861 2334 ⁸

260 2306 448 2396 praetorum]
488 2327 590 2374 meror
608 2314 702 2374 Earn.

261 2404 330 2454 aute
344 2333 487 2486 praeirel
500 2406 571 2452 ante
591 2407 619 2454 et
629 2395 752 2470 praeire
770 2391 902 2453 Floreat.
921 2389 1016 2454 ΗΜ.
1029 2423 1070 2438 -
1085 2391 1210 2468 praer're
1227 2390 1327 2453 Turn.

303 2471 372 2532 Sero
415 2511 424 2528 .

264 2491 497 2631 qnoimfilaru
516 2583 559 2598 —
577 2551 659 2612 euius
677 2551 775 2612 ceteri

263 2629 294 2691 id
313 2641 358 2691 ast
375 2625 544 2712 arbitrium]
564 2651 621 2691 om.
642 2631 763 2715 Sciopp.

263 2705 392 2793 Aedilis]
411 2709 535 2770 Aediles
553 2709 646 2772 llam.

263 2787 346 2850 aedes
382 2789 469 2849 aedri
487 2787 589 2851 Codex
607 2790 643 2852 B.

263 2864 327 2952 his]
384 2869 411 2928 ir
429 2867 547 2952 Vulgat.
565 2902 607 2918 -
625 2873 665 2931 its
683 2870 777 2931 Hm

264 2959 431 3028 questum
450 2945 538 3030 dicti]
558 2953 742 3028 quaestions
761 2949 838 3010 dicti
854 2947 928 3012 Cod
948 2949 985 3008 B.

263 3023 374 3121 tribus]
395 3047 453 3088 om.
471 3028 566 3088 Earn.

264 3101 442 3244 Remum}
457 3107 594 3168 Ramium
612 3107 691 3170 Edit.
709 3109 803 3191 princ.

265 3185 378 3246 Ticium
444 3185 550 3248 lorent.
562 3222 604 3235 -
622 3190 723 3249 titium
743 3187 818 3248 coa
832 3187 865 3247 B.
890 3217 930 3230 —
950 3187 1114 3248 citiensium
1133 3181 1216 3245 Edit.
1230 3186 1334 3267 princ.

304 3277 363 3325 vet.
421 3263 481 3326 bol.
507 3266 611 3329 Vener.
633 3269 654 3328 l.
675 3270 711 3328 ll.
737 3267 804 3328 Ald.
825 3267 889 3328 Bas.
909 3267 974 3327 Par.
995 3264 1110 3347 Gryplr.
1128 3295 1169 3310 -·
1199 3265 1336 3326 Tarium

306 3343 401 3406 Ham.
432 3379 472 3390 —-
508 3346 625 3406 Tatium
651 3347 806 3432 Augustin.
831 3367 920 3430 marg.
947 3368 983 3406 ex
1009 3344 1093 3406 libm.
1122 3377 1164 3388 ·-
1202 3345 1338 3406 Totien-

304 3425 381 3482 eium
393 3421 509 3508 Vulget.
528 3426 628 3487 Vertr.
649 3427 717 3488 Scio
739 3449 767 3508 p.

267 3499 440 3584 exercitum]
461 3509 633 3566 exercitibus
653 3451 742 3568 stol.
762 3507 868 3566 Vens-¹..
887 3505 909 3566 l.
931 3506 968 3565 ll.

265 3579 376 3666 plebes]
394 3585 507 3658 plebeii
521 3584 589 3646 Ald.
609 3586 674 3648 Bas.
694 3587 760 3647 Par.
782 3584 898 3668 Gryph.
919 3585 1031 3655 Vertr.;
1051 3581 1127 3643 idem
1147 3593 1179 3643 et
1200 3581 1299 3647 infra.

266 3659 360 3742 quod]
380 3660 512 3724 florent.
531 3698 571 3712 -
591 3667 646 3742 qui
662 3665 761 3727 ceteri.

264 3739 388 3802 tribum
423 3745 564 3804 tribunis
581 3743 700 3830 Vulgat.

286 3819 389 3881 dmum
426 3841 484 3882 om.
504 3823 598 3884 llam.

265 3841 469 3980 defenderent]
491 3904 686 3982 dfferderuut
704 3903 798 3964 Earn.

265 3979 297 4039 iu
315 3979 490 4062 κεωίοιιε]
511 3983 542 4042 ir
561 3985 716 4044 secessione
734 3986 767 4043 in
786 3984 879 4044 llaru.

267 4057 353 4140 quoi]
373 4059 467 4121 flatu.
487 4095 527 4108 -
547 4065 597 4124 eut
613 4061 693 4124 Flos.
714 4062 803 4147 Vulg.
823 4061 942 4144 Sciopp.
963 4091 1002 4106 -
1022 4059 1103 4120 euius
1123 4061 1233 4124 ceteri.
1257 4097 1305 4114 —
