2628 4672
245 307 307 370 ΞΒ
591 303 737 370 utana
761 303 957 374 SEXTUS.

247 507 268 554 a
302 481 449 572 Canere3
487 482 593 558 etiam.
618 481 823 556 Bneciuator
855 508 877 556 a
909 484 1000 555 vocis
1035 479 1244 554 similitudine
1265 498 1287 552 et

247 606 347 664 centu
369 589 484 658 dictus.

338 693 411 763 Oro
446 694 488 762 ab
522 718 579 763 orc
616 709 649 762 et
679 691 821 765 Perorat
854 712 888 766 et
909 694 1032 764 Exorat
1060 708 1094 763 et
1119 691 1241 764 Oratio
1265 710 1287 762 et

249 797 376 870 Orator
404 815 437 868 et
469 797 634 867 Osculum
665 797 797 870 dictum.
856 799 1007 870 Indidem
1029 797 1157 882 Omen,
1196 797 1287 868 Oros-

244 921 410 990 mentum
448 903 587 973 alterum
625 900 714 997 quod
752 927 790 972 ox
827 928 884 974 ore
919 905 1059 1000 primum
1093 903 1215 974 elatum
1245 919 1286 987 est,

248 1007 380 1080 Osmen
403 1007 542 1093 dictum3
570 1006 708 1078 alterum
730 1033 818 1076 nunc
841 1033 915 1078 com
937 1008 1166 1104 propositione
1190 1009 1287 1079 dicitur

213 1113 346 1208 ,volgo
369 1111 622 1196 Ornamentum,
647 1111 739 1207 quod
761 1111 847 1182 sicut
861 1111 950 1199 olim,
973 1115 1219 1184 Ornamentum
1233 1139 1284 1182 see

245 1217 314 1287 nici
335 1216 482 1313 plerique
506 1215 630 1286 dicunt.
684 1213 773 1286 Hinc
796 1213 943 1290 Oscines
964 1219 1117 1290 dicuntur
1138 1219 1227 1314 apud
1244 1243 1285 1290 au·

247 1348 345 1418 gures
370 1346 453 1422 qnae
479 1347 535 1392 ore
557 1319 685 1393 faciunt
707 1320 899 1417 auspicium.

216 1641 222 1654 ²
246 1615 434 1700 buccinator]
455 1619 611 1681 bucinator
630 1615 762 1681 Floreat.
782 1617 881 1686 Editio
901 1621 993 1706 princ.
1013 1631 1119 1685 vetare
1138 1618 1226 1682 Rhol.
1242 1617 1285 1680 Ve-

290 1711 347 1767 ;·et.
367 1701 390 1760 l.
403 1701 439 1760 Il.
459 1731 500 1746 -
519 1701 710 1760 buccinantur
729 1702 822 1764 ΗΜ.

247 1814 279 1866 et
298 1799 404 1888 cantu]
424 1817 452 1864 et
473 1817 575 1866 cantus
594 1804 687 1864 Havu.

247 1906 377 1968 Indidem
397 1905 502 2047 omen}
530 1907 661 1970 Floreut
681 1909 775 1970 Havu.
796 1907 885 1970 lttot.
906 1909 1011 1970 Venet.
1033 1909 1055 1968 1.
1076 1910 1113 1968 Π.
1132 1907 1201 1968 ΑΙό.
1219 1904 1285 1966 Basrl.

286 1987 382 2127 Patriil
397 1986 481 2070 Gryp
505 2031 513 2046 .
534 1987 654 2070 Sciopp.
674 2019 715 2034 -
743 1990 818 2049 Inde
837 2013 918 2050 omen
939 1987 1039 2050 Codex
1059 1989 1095 2050 Β.
1114 1987 1194 2050 Edit.
1212 1985 1300 2070 print.1

284 2087 321 2128 ve
383 2111 391 2125 .

247 2165 467 2251 ornamentum]
494 2168 575 2232 Flor.
595 2169 689 2232 llern.
710 2184 800 2231 -et
820 2186 1023 2232 ornamentum
1041 2171 1158 2253 reliqui.

248 2271 327 2355 quod
353 2294 389 2333 ex
410 2269 481 2356 ore]
514 2273 645 2336 Floreat.
666 2275 759 2335 llavn.
781 2273 854 2336 Cod.
875 2275 909 2334 B.
929 2275 1007 2336 Edit.
1027 2276 1121 2358 princ.
1140 2285 1196 2336 vet.
1215 2271 1286 2354 l'alg.

285 2352 528 2515 gprerrSycliqpp.
548 2387 589 2400 —
617 2358 700 2432 quod
717 2356 749 2416 in
769 2378 824 2476 ora
844 2353 932 2416 Rhol.
954 2355 1030 2416 Vcn.
1051 2357 1073 2416 l.
1094 2357 1133 2416 ll.
1152 2354 1217 2417 Ald.
1235 2355 1286 2412 lm

246 2533 364 2615 osmeu]
385 2537 488 2596 osmeti
504 2538 598 2599 Havn.

246 2631 371 2692 alterum
390 2653 467 2692 nunc
488 2654 551 2692 cum
572 2631 790 2716 propositione]
811 2632 892 2695 Flos.
917 2633 1012 2696 Havn.
1031 2666 1073 2681 -
1092 2635 1220 2695 alterum
1237 2651 1287 2690 cun

208 2715 211 2726 '
283 2713 485 2788 propositione
504 2711 581 2772 Edit
602 2713 696 2796 princ.
715 2726 774 2774 vet.
794 2747 834 2760 -
854 2715 984 2774 alterum
1003 2737 1067 2774 eum
1083 2712 1300 2790 praepositiunel

287 2789 362 2852 cod.
382 2790 417 2850 B.
438 2791 526 2852 Rhol.
547 2792 652 2853 Venet.
675 2794 696 2851 l.
718 2794 755 2852 ll.
774 2792 842 2853 ΑΜ.
863 2793 948 2854 Basti.
968 2793 1058 2854 Paris.
1079 2791 1194 2875 Gryph.
1213 2788 1289 2868 l'ulg.

1299 2923 1300 2966 l

287 2869 424 2932 Vertran.
448 2905 489 2917 -
521 2874 651 2931 alterum
675 2895 733 2932 non
756 2896 820 2932 cum
840 2875 1062 2949 praepositione
1081 2871 1240 2932 Turnebus
1257 2897 1290 2912 ·-

283 2952 417 3011 alterum
436 2972 511 3011 nune
530 2974 594 3013 cum
612 2951 649 3012 tt.
666 2953 815 3027 positione
840 2971 856 3012 e
877 2953 1044 3014 coniectura
1062 2953 1163 3012 Verte.
1184 2951 1300 3028 Scioppt

244 3053 341 3151 vulgo·
357 3053 573 3148 ornamentum]
595 3054 674 3114 Flor.
694 3055 787 3116 Havu.
809 3054 928 3196 Sciopp.
949 3089 990 3104 -
1010 3079 1085 3116 nunc
1103 3023 1300 3116 ornantemml

285 3134 365 3194 lodic
385 3155 477 3272 qqtuc.
498 3145 603 3195 vetust.
624 3132 712 3194 Rhol.
734 3135 808 3195 Veu.
829 3137 851 3195 1.
888 3135 1168 3196 1.Atd.Bas.l>ar.
1189 3127 1291 3212 Grypo

284 3211 374 3297 Vulg.
424 3225 531 3274 ertran.
551 3246 592 3259 -—
614 3215 698 3294 serigo
720 3236 797 3274 nunc
817 3231 1020 3276 ornamentum
1041 3214 1116 3277 Cod.
1136 3215 1171 3274 B.

244 3315 326 3398 quod
345 3316 420 3378 sicut
439 3313 524 3396 olim]
559 3317 639 3378 Flor.
659 3317 754 3379 Havn.
776 3317 895 3402 Sciopp.
914 3350 954 3366 -
988 3319 1076 3391 olem,
1096 3315 1202 3378 omissis
1224 3312 1294 3392 quad

283 3396 359 3456 sieut
379 3395 484 3477 reliqui
504 3417 612 3458 omues.

246 3497 460 3578 oruamentum]
483 3499 603 3582 Sciopp.
615 3531 656 3546 ·-
676 3515 879 3564 ornamentum
897 3501 1032 3565 Floreat.
1050 3501 1146 3575 Hera.
1157 3531 1196 3546 -
1216 3517 1293 3558 nsua-

284 3581 378 3640 menti
395 3578 507 3661 reliqui.

245 3679 365 3761 scenici]
391 3682 484 3746 Ham.
506 3681 626 3767 Sciopp.
646 3715 686 3730 -
706 3697 739 3743 ut
758 3683 867 3746 scenici
883 3684 984 3747 ceteri.

244 3774 395 3860 plerique]
412 3782 575 3858 populique
590 3781 728 3858 plerique
748 3778 848 3842 Codex
868 3781 904 3842 B.
925 3781 1003 3842 Edit.
1028 3779 1121 3863 princ.
1141 3786 1245 3840 vetust.
1299 3801 1300 3858 t

245 3893 392 4015 Wetote
412 3873 538 3960 iaciunt]
559 3875 692 3938 Floreat
713 3875 806 3938 ΗΜ.
827 3875 947 3960 Sciopp.
959 3909 1001 3924 -
1020 3879 1103 3956 quad
1119 3897 1167 3936 ore
1178 3871 1296 3952 saciant

284 3975 316 4014 ce
332 3974 383 4014 cru

244 4055 420 4142 auspicium]
440 4060 600 4136 auspitium
620 4059 699 4122 Edit.
719 4069 825 4152 vetunt.
845 4056 962 4144 Gryph.
