<?xml version="1.0" encoding="UTF-8"?>
<!DOCTYPE html PUBLIC "-//W3C//DTD XHTML 1.0 Transitional//EN"
    "http://www.w3.org/TR/xhtml1/DTD/xhtml1-transitional.dtd">
<html xmlns="http://www.w3.org/1999/xhtml" xml:lang="en" lang="en">
 <head>
  <title>
</title>
<meta http-equiv="Content-Type" content="text/html;charset=utf-8" />
  <meta name='ocr-system' content='tesseract 3.04.00' />
  <meta name='ocr-capabilities' content='ocr_page ocr_carea ocr_par ocr_line ocrx_word'/>
</head>
<body>
  <div class='ocr_page' id='page_1' title='image "./mterentivarroni00prisgoog/mterentivarroni00prisgoog_0088.png"; bbox 0 0 2722 4676; ppageno 0'>
   <div class='ocr_carea' id='block_1_1' title="bbox 393 309 1115 387">
    <p class='ocr_par' dir='ltr' id='par_1_1' title="bbox 393 309 1115 387">
     <span class='ocr_line' id='line_1_1' title="bbox 393 309 1115 387; baseline 0.011 -15"><span class='ocrx_word' id='word_1_1' title='bbox 393 310 536 376; x_wconf 81' lang='lat' dir='ltr'>LIBER</span> <span class='ocrx_word' id='word_1_2' title='bbox 556 309 783 387; x_wconf 86' lang='lat' dir='ltr'>QUINTUS.</span> <span class='ocrx_word' id='word_1_3' title='bbox 1075 317 1115 380; x_wconf 87' lang='lat'><strong>11</strong></span> 
     </span>
    </p>
   </div>
   <div class='ocr_carea' id='block_1_2' title="bbox 57 493 1116 2706">
    <p class='ocr_par' dir='ltr' id='par_1_2' title="bbox 57 493 1116 974">
     <span class='ocr_line' id='line_1_2' title="bbox 59 493 1116 580; baseline 0.003 -24"><span class='ocrx_word' id='word_1_4' title='bbox 59 493 178 557; x_wconf 78' lang='lat' dir='ltr'><strong>suetudo</strong></span> <span class='ocrx_word' id='word_1_5' title='bbox 199 493 291 572; x_wconf 70' lang='lat' dir='ltr'><strong>tacu,</strong></span> <span class='ocrx_word' id='word_1_6' title='bbox 322 505 360 556; x_wconf 85' lang='lat' dir='ltr'><strong>ut</strong></span> <span class='ocrx_word' id='word_1_7' title='bbox 378 493 542 557; x_wconf 71' lang='lat' dir='ltr'><strong>huiusmodi</strong></span> <span class='ocrx_word' id='word_1_8' title='bbox 560 493 650 557; x_wconf 77' lang='lat' dir='ltr'><strong>rerba</strong></span> <span class='ocrx_word' id='word_1_9' title='bbox 667 515 724 578; x_wconf 89' lang='lat' dir='ltr'><strong>per</strong></span> <span class='ocrx_word' id='word_1_10' title='bbox 743 497 771 574; x_wconf 87' lang='lat' dir='ltr'><strong>l,</strong></span> <span class='ocrx_word' id='word_1_11' title='bbox 802 515 865 558; x_wconf 84' lang='lat' dir='ltr'><strong>non</strong></span> <span class='ocrx_word' id='word_1_12' title='bbox 881 517 938 580; x_wconf 87' lang='lat' dir='ltr'><strong>per</strong></span> <span class='ocrx_word' id='word_1_13' title='bbox 956 496 988 556; x_wconf 88' lang='lat' dir='ltr'>U</span> <span class='ocrx_word' id='word_1_14' title='bbox 1007 496 1116 559; x_wconf 80' lang='lat' dir='ltr'><strong>rcribe-</strong></span> 
     </span>
     <span class='ocr_line' id='line_1_3' title="bbox 59 572 1115 658; baseline 0 -22"><span class='ocrx_word' id='word_1_15' title='bbox 59 572 206 654; x_wconf 86' lang='lat' dir='ltr'><strong>rentnr¹).</strong></span> <span class='ocrx_word' id='word_1_16' title='bbox 245 573 289 634; x_wconf 77' lang='lat' dir='ltr'><strong>At</strong></span> <span class='ocrx_word' id='word_1_17' title='bbox 308 595 371 635; x_wconf 91' lang='lat' dir='ltr'><strong>non</strong></span> <span class='ocrx_word' id='word_1_18' title='bbox 391 577 498 658; x_wconf 83' lang='lat' dir='ltr'><strong>primus</strong></span> <span class='ocrx_word' id='word_1_19' title='bbox 519 587 580 636; x_wconf 89' lang='lat' dir='ltr'><strong>erat</strong></span> <span class='ocrx_word' id='word_1_20' title='bbox 599 573 684 636; x_wconf 87' lang='lat' dir='ltr'><strong>huius</strong></span> <span class='ocrx_word' id='word_1_21' title='bbox 704 575 747 637; x_wconf 87' lang='lat' dir='ltr'><strong>rei</strong></span> <span class='ocrx_word' id='word_1_22' title='bbox 766 589 876 638; x_wconf 80' lang='lat' dir='ltr'><strong>auctor.</strong></span> <span class='ocrx_word' id='word_1_23' title='bbox 911 579 970 638; x_wconf 87' lang='lat' dir='ltr'><strong>lam</strong></span> <span class='ocrx_word' id='word_1_24' title='bbox 990 576 1020 636; x_wconf 90' lang='lat' dir='ltr'><strong>in</strong></span> <span class='ocrx_word' id='word_1_25' title='bbox 1040 576 1115 637; x_wconf 87' lang='lat' dir='ltr'><strong>Dui-</strong></span> 
     </span>
     <span class='ocr_line' id='line_1_4' title="bbox 59 653 1114 738; baseline 0.001 -24"><span class='ocrx_word' id='word_1_26' title='bbox 59 655 88 714; x_wconf 89' lang='lat' dir='ltr'><strong>lii</strong></span> <span class='ocrx_word' id='word_1_27' title='bbox 119 653 266 716; x_wconf 82' lang='lat' dir='ltr'><strong>Columna</strong></span> <span class='ocrx_word' id='word_1_28' title='bbox 292 654 395 716; x_wconf 79' lang='lat' dir='ltr'><strong>Rostr.</strong></span> <span class='ocrx_word' id='word_1_29' title='bbox 427 655 451 716; x_wconf 85' lang='lat' dir='ltr'><strong>si</strong></span> <span class='ocrx_word' id='word_1_30' title='bbox 480 654 550 716; x_wconf 86' lang='lat' dir='ltr'><strong>fides</strong></span> <span class='ocrx_word' id='word_1_31' title='bbox 575 654 602 715; x_wconf 93' lang='lat' dir='ltr'><strong>ei</strong></span> <span class='ocrx_word' id='word_1_32' title='bbox 628 655 780 716; x_wconf 86' lang='lat' dir='ltr'><strong>tribuenda</strong></span> <span class='ocrx_word' id='word_1_33' title='bbox 804 656 942 738; x_wconf 81' lang='lat' dir='ltr'><strong>scriptum</strong></span> <span class='ocrx_word' id='word_1_34' title='bbox 967 656 1114 718; x_wconf 76' lang='lat' dir='ltr'><strong>invenitur</strong></span> 
     </span>
     <span class='ocr_line' id='line_1_5' title="bbox 59 733 1114 829; baseline 0.001 -36"><span class='ocrx_word' id='word_1_35' title='bbox 59 733 257 794; x_wconf 74' lang='lat' dir='ltr'>MAXIMUS.</span> <span class='ocrx_word' id='word_1_36' title='bbox 312 736 475 816; x_wconf 81' lang='lat' dir='ltr'><strong>Imperator</strong></span> <span class='ocrx_word' id='word_1_37' title='bbox 499 734 528 794; x_wconf 90' lang='lat' dir='ltr'><strong>id</strong></span> <span class='ocrx_word' id='word_1_38' title='bbox 554 734 633 829; x_wconf 74' lang='lat' dir='ltr'><strong>quod</strong></span> <span class='ocrx_word' id='word_1_39' title='bbox 658 735 743 795; x_wconf 84' lang='lat' dir='ltr'>simili</span> <span class='ocrx_word' id='word_1_40' title='bbox 767 735 851 797; x_wconf 84' lang='lat' dir='ltr'><strong>inre</strong></span> <span class='ocrx_word' id='word_1_41' title='bbox 871 747 902 797; x_wconf 86' lang='lat' dir='ltr'><strong>et</strong></span> <span class='ocrx_word' id='word_1_42' title='bbox 922 737 1015 796; x_wconf 80' lang='lat' dir='ltr'><strong>Varro</strong></span> <span class='ocrx_word' id='word_1_43' title='bbox 1035 735 1114 812; x_wconf 73' lang='lat' dir='ltr'><strong>fecit,</strong></span> 
     </span>
     <span class='ocr_line' id='line_1_6' title="bbox 57 813 1113 908; baseline 0.004 -35"><span class='ocrx_word' id='word_1_44' title='bbox 57 814 175 876; x_wconf 83' lang='lat' dir='ltr'><strong>alteram</strong></span> <span class='ocrx_word' id='word_1_45' title='bbox 201 813 325 874; x_wconf 81' lang='lat' dir='ltr'><strong>sormam</strong></span> <span class='ocrx_word' id='word_1_46' title='bbox 344 835 406 874; x_wconf 91' lang='lat' dir='ltr'><strong>non</strong></span> <span class='ocrx_word' id='word_1_47' title='bbox 425 813 460 876; x_wconf 85' lang='lat' dir='ltr'><strong>ab</strong></span> <span class='ocrx_word' id='word_1_48' title='bbox 480 813 543 908; x_wconf 90' lang='lat' dir='ltr'><strong>ipso</strong></span> <span class='ocrx_word' id='word_1_49' title='bbox 563 826 724 891; x_wconf 76' lang='lat' dir='ltr'><strong>inventam,</strong></span> <span class='ocrx_word' id='word_1_50' title='bbox 757 815 807 875; x_wconf 86' lang='lat' dir='ltr'><strong>sed</strong></span> <span class='ocrx_word' id='word_1_51' title='bbox 827 835 894 876; x_wconf 87' lang='lat' dir='ltr'><strong>raro</strong></span> <span class='ocrx_word' id='word_1_52' title='bbox 914 815 1047 876; x_wconf 64' lang='lat' dir='ltr'><strong>usinum</strong></span> <span class='ocrx_word' id='word_1_53' title='bbox 1066 836 1113 878; x_wconf 87' lang='lat' dir='ltr'><strong>ce-</strong></span> 
     </span>
     <span class='ocr_line' id='line_1_7' title="bbox 58 891 725 974; baseline 0 -20"><span class='ocrx_word' id='word_1_54' title='bbox 58 893 126 954; x_wconf 87' lang='lat' dir='ltr'><strong>teris</strong></span> <span class='ocrx_word' id='word_1_55' title='bbox 146 891 374 974; x_wconf 74' lang='lat' dir='ltr'><strong>approbantibus</strong></span> <span class='ocrx_word' id='word_1_56' title='bbox 393 893 424 952; x_wconf 89' lang='lat' dir='ltr'><strong>in</strong></span> <span class='ocrx_word' id='word_1_57' title='bbox 444 894 588 954; x_wconf 80' lang='lat' dir='ltr'><strong>civitatem</strong></span> <span class='ocrx_word' id='word_1_58' title='bbox 607 893 725 974; x_wconf 82' lang='lat' dir='ltr'><strong>recepit</strong></span> 
     </span>
    </p>

    <p class='ocr_par' dir='ltr' id='par_1_3' title="bbox 135 973 844 1035">
     <span class='ocr_line' id='line_1_8' title="bbox 135 973 844 1035; baseline 0.004 -3"><span class='ocrx_word' id='word_1_59' title='bbox 135 974 179 1033; x_wconf 85' lang='lat' dir='ltr'><strong>lta</strong></span> <span class='ocrx_word' id='word_1_60' title='bbox 201 995 237 1033; x_wconf 89' lang='lat' dir='ltr'><strong>ue</strong></span> <span class='ocrx_word' id='word_1_61' title='bbox 257 973 374 1034; x_wconf 89' lang='lat' dir='ltr'><strong>minime</strong></span> <span class='ocrx_word' id='word_1_62' title='bbox 394 995 440 1034; x_wconf 85' lang='lat' dir='ltr'><strong>roe</strong></span> <span class='ocrx_word' id='word_1_63' title='bbox 460 973 585 1034; x_wconf 86' lang='lat' dir='ltr'><strong>ollendit</strong></span> <span class='ocrx_word' id='word_1_64' title='bbox 603 973 697 1032; x_wconf 87' lang='lat' dir='ltr'><strong>Plauti</strong></span> <span class='ocrx_word' id='word_1_65' title='bbox 717 973 844 1035; x_wconf 85' lang='lat' dir='ltr'><strong>senarius</strong></span> 
     </span>
    </p>

    <p class='ocr_par' dir='ltr' id='par_1_4' title="bbox 59 1053 1114 2008">
     <span class='ocr_line' id='line_1_9' title="bbox 229 1053 812 1125; baseline 0.003 -15"><span class='ocrx_word' id='word_1_66' title='bbox 229 1055 294 1111; x_wconf 86' lang='lat' dir='ltr'><strong>dem</strong></span> <span class='ocrx_word' id='word_1_67' title='bbox 319 1054 416 1113; x_wconf 78' lang='lat' dir='ltr'><strong>Iate&#39;ree</strong></span> <span class='ocrx_word' id='word_1_68' title='bbox 434 1054 585 1114; x_wconf 82' lang='lat' dir='ltr'><strong>Mercator</strong></span> <span class='ocrx_word' id='word_1_69' title='bbox 603 1054 704 1113; x_wconf 82' lang='lat' dir='ltr'><strong>Marci</strong></span> <span class='ocrx_word' id='word_1_70' title='bbox 719 1053 812 1125; x_wconf 81' lang='lat' dir='ltr'><strong>Anii,</strong></span> 
     </span>
     <span class='ocr_line' id='line_1_10' title="bbox 59 1125 1113 1212; baseline 0.003 -20"><span class='ocrx_word' id='word_1_71' title='bbox 59 1143 87 1192; x_wconf 85' lang='lat' dir='ltr'><strong>et</strong></span> <span class='ocrx_word' id='word_1_72' title='bbox 152 1154 184 1192; x_wconf 84' lang='lat' dir='ltr'><strong>ae</strong></span> <span class='ocrx_word' id='word_1_73' title='bbox 204 1131 259 1191; x_wconf 86' lang='lat' dir='ltr'><strong>alia</strong></span> <span class='ocrx_word' id='word_1_74' title='bbox 279 1144 391 1192; x_wconf 84' lang='lat' dir='ltr'><strong>exstant</strong></span> <span class='ocrx_word' id='word_1_75' title='bbox 411 1133 538 1212; x_wconf 85' lang='lat' dir='ltr'><strong>exempla</strong></span> <span class='ocrx_word' id='word_1_76' title='bbox 559 1138 594 1196; x_wconf 66' lang='grc' dir='ltr'><strong>εἰς</strong></span> <span class='ocrx_word' id='word_1_77' title='bbox 611 1125 684 1190; x_wconf 72' lang='lat' dir='ltr'><strong>erro‘r</strong></span> <span class='ocrx_word' id='word_1_78' title='bbox 701 1145 818 1194; x_wconf 86' lang='lat' dir='ltr'><strong>mutata.</strong></span> <span class='ocrx_word' id='word_1_79' title='bbox 871 1129 918 1193; x_wconf 79' lang='lat' dir='ltr'><strong>Ad</strong></span> <span class='ocrx_word' id='word_1_80' title='bbox 940 1132 1113 1196; x_wconf 83' lang='lat' dir='ltr'><strong>Ciceronem</strong></span> 
     </span>
     <span class='ocr_line' id='line_1_11' title="bbox 60 1154 1114 1294; baseline 0.004 -24"><span class='ocrx_word' id='word_1_81' title='bbox 60 1154 150 1290; x_wconf 58' lang='lat' dir='ltr'><strong>quob¹¹</strong></span> <span class='ocrx_word' id='word_1_82' title='bbox 162 1211 282 1286; x_wconf 77' lang='lat' dir='ltr'><strong>attinet,</strong></span> <span class='ocrx_word' id='word_1_83' title='bbox 315 1210 342 1272; x_wconf 85' lang='lat' dir='ltr'><strong>ei</strong></span> <span class='ocrx_word' id='word_1_84' title='bbox 361 1212 502 1292; x_wconf 80' lang='lat' dir='ltr'><strong>scriptura</strong></span> <span class='ocrx_word' id='word_1_85' title='bbox 522 1209 643 1293; x_wconf 83' lang='lat' dir='ltr'><strong>simplici</strong></span> <span class='ocrx_word' id='word_1_86' title='bbox 662 1213 675 1270; x_wconf 93' lang='lat' dir='ltr'><strong>l</strong></span> <span class='ocrx_word' id='word_1_87' title='bbox 695 1210 803 1292; x_wconf 88' lang='lat' dir='ltr'><strong>ubique</strong></span> <span class='ocrx_word' id='word_1_88' title='bbox 823 1233 917 1294; x_wconf 88' lang='lat' dir='ltr'><strong>neque</strong></span> <span class='ocrx_word' id='word_1_89' title='bbox 937 1215 1114 1275; x_wconf 85' lang='lat' dir='ltr'><strong>restituenda</strong></span> 
     </span>
     <span class='ocr_line' id='line_1_12' title="bbox 60 1289 1113 1392; baseline 0.005 -44"><span class='ocrx_word' id='word_1_90' title='bbox 60 1311 152 1370; x_wconf 83' lang='lat' dir='ltr'><strong>neque</strong></span> <span class='ocrx_word' id='word_1_91' title='bbox 172 1290 357 1392; x_wconf 83' lang='lat' dir='ltr'><strong>expellenda;</strong></span> <span class='ocrx_word' id='word_1_92' title='bbox 389 1291 418 1350; x_wconf 92' lang='lat' dir='ltr'><strong>iu</strong></span> <span class='ocrx_word' id='word_1_93' title='bbox 439 1289 648 1373; x_wconf 81' lang='lat' dir='ltr'><strong>posterioribus</strong></span> <span class='ocrx_word' id='word_1_94' title='bbox 669 1289 749 1351; x_wconf 83' lang='lat' dir='ltr'><strong>libris</strong></span> <span class='ocrx_word' id='word_1_95' title='bbox 769 1292 908 1352; x_wconf 86' lang='lat' dir='ltr'><strong>Varronis</strong></span> <span class='ocrx_word' id='word_1_96' title='bbox 926 1305 1113 1375; x_wconf 87' lang='lat' dir='ltr'><strong>praeceptum</strong></span> 
     </span>
     <span class='ocr_line' id='line_1_13' title="bbox 62 1369 1114 1454; baseline 0.005 -25"><span class='ocrx_word' id='word_1_97' title='bbox 62 1383 171 1430; x_wconf 75' lang='lat' dir='ltr'><strong>secutus</strong></span> <span class='ocrx_word' id='word_1_98' title='bbox 196 1370 312 1432; x_wconf 73' lang='lat' dir='ltr'><strong>videtur</strong></span> <span class='ocrx_word' id='word_1_99' title='bbox 331 1370 362 1430; x_wconf 93' lang='lat' dir='ltr'><strong>in</strong></span> <span class='ocrx_word' id='word_1_100' title='bbox 381 1370 433 1431; x_wconf 87' lang='lat' dir='ltr'><strong>bac</strong></span> <span class='ocrx_word' id='word_1_101' title='bbox 453 1391 485 1432; x_wconf 86' lang='lat' dir='ltr'><strong>re</strong></span> <span class='ocrx_word' id='word_1_102' title='bbox 506 1381 541 1430; x_wconf 91' lang='lat' dir='ltr'><strong>ut</strong></span> <span class='ocrx_word' id='word_1_103' title='bbox 559 1371 590 1429; x_wconf 94' lang='lat' dir='ltr'><strong>in</strong></span> <span class='ocrx_word' id='word_1_104' title='bbox 610 1369 678 1448; x_wconf 82' lang='lat' dir='ltr'><strong>alia,</strong></span> <span class='ocrx_word' id='word_1_105' title='bbox 711 1370 791 1431; x_wconf 88' lang='lat' dir='ltr'><strong>cuius</strong></span> <span class='ocrx_word' id='word_1_106' title='bbox 810 1372 920 1432; x_wconf 85' lang='lat' dir='ltr'><strong>mentio</strong></span> <span class='ocrx_word' id='word_1_107' title='bbox 940 1372 1016 1454; x_wconf 90' lang='lat' dir='ltr'><strong>apud</strong></span> <span class='ocrx_word' id='word_1_108' title='bbox 1037 1371 1114 1434; x_wconf 86' lang='lat' dir='ltr'><strong>Cha·</strong></span> 
     </span>
     <span class='ocr_line' id='line_1_14' title="bbox 61 1448 280 1510; baseline 0.009 -2"><span class='ocrx_word' id='word_1_109' title='bbox 61 1448 103 1508; x_wconf 84' lang='lat' dir='ltr'><strong>ris.</strong></span> <span class='ocrx_word' id='word_1_110' title='bbox 146 1471 161 1510; x_wconf 87' lang='lat' dir='ltr'><strong>a</strong></span> <span class='ocrx_word' id='word_1_111' title='bbox 184 1494 192 1509; x_wconf 93' lang='lat'><strong>.</strong></span> <span class='ocrx_word' id='word_1_112' title='bbox 213 1453 280 1510; x_wconf 84' lang='grc'><strong>114.</strong></span> 
     </span>
     <span class='ocr_line' id='line_1_15' title="bbox 96 1471 1114 1592; baseline 0.004 -4"><span class='ocrx_word' id='word_1_113' title='bbox 96 1471 309 1589; x_wconf 54' lang='lat' dir='ltr'><strong>Plerlmtornm</strong></span> <span class='ocrx_word' id='word_1_114' title='bbox 329 1531 505 1591; x_wconf 80' lang='lat' dir='ltr'><strong>insecundo</strong></span> <span class='ocrx_word' id='word_1_115' title='bbox 526 1544 554 1590; x_wconf 82' lang='lat' dir='ltr'><strong>et</strong></span> <span class='ocrx_word' id='word_1_116' title='bbox 573 1531 604 1590; x_wconf 84' lang='lat' dir='ltr'><strong>in</strong></span> <span class='ocrx_word' id='word_1_117' title='bbox 624 1531 714 1590; x_wconf 81' lang='lat' dir='ltr'><strong>tertio</strong></span> <span class='ocrx_word' id='word_1_118' title='bbox 734 1531 813 1590; x_wconf 84' lang='lat' dir='ltr'><strong>idem</strong></span> <span class='ocrx_word' id='word_1_119' title='bbox 827 1531 980 1592; x_wconf 83' lang='lat' dir='ltr'><em>VARRO</em></span> <span class='ocrx_word' id='word_1_120' title='bbox 994 1533 1114 1592; x_wconf 82' lang='lat' dir='ltr'><strong>assidue</strong></span> 
     </span>
     <span class='ocr_line' id='line_1_16' title="bbox 99 1609 1112 1686; baseline 0.002 -18"><span class='ocrx_word' id='word_1_121' title='bbox 99 1610 174 1669; x_wconf 78' lang='lat' dir='ltr'><strong>dr&#39;cr&#39;t</strong></span> <span class='ocrx_word' id='word_1_122' title='bbox 196 1609 244 1668; x_wconf 74' lang='lat' dir='ltr'><strong>his</strong></span> <span class='ocrx_word' id='word_1_123' title='bbox 256 1609 424 1682; x_wconf 77' lang='lat' dir='ltr'><strong>Paemate‘r3</strong></span> <span class='ocrx_word' id='word_1_124' title='bbox 444 1624 591 1686; x_wconf 77' lang='lat' dir='ltr'><strong>tanquam</strong></span> <span class='ocrx_word' id='word_1_125' title='bbox 609 1611 787 1670; x_wconf 75' lang='lat' dir='ltr'><strong>nominativa</strong></span> <span class='ocrx_word' id='word_1_126' title='bbox 809 1611 862 1670; x_wconf 78' lang='lat' dir='ltr'><strong>hoe</strong></span> <span class='ocrx_word' id='word_1_127' title='bbox 875 1612 1051 1670; x_wconf 76' lang='lat' dir='ltr'><strong>Poematum</strong></span> <span class='ocrx_word' id='word_1_128' title='bbox 1062 1614 1112 1684; x_wconf 79' lang='lat' dir='ltr'><strong>sit,</strong></span> 
     </span>
     <span class='ocr_line' id='line_1_17' title="bbox 98 1687 1114 1750; baseline 0.002 -2"><span class='ocrx_word' id='word_1_129' title='bbox 98 1712 157 1748; x_wconf 87' lang='lat' dir='ltr'><strong>nan</strong></span> <span class='ocrx_word' id='word_1_130' title='bbox 179 1687 303 1749; x_wconf 78' lang='lat' dir='ltr'><strong>Parma.</strong></span> <span class='ocrx_word' id='word_1_131' title='bbox 357 1689 440 1748; x_wconf 88' lang='lat' dir='ltr'><strong>Nam</strong></span> <span class='ocrx_word' id='word_1_132' title='bbox 464 1703 492 1749; x_wconf 82' lang='lat' dir='ltr'><strong>et</strong></span> <span class='ocrx_word' id='word_1_133' title='bbox 523 1691 569 1748; x_wconf 82' lang='lat' dir='ltr'><strong>ad</strong></span> <span class='ocrx_word' id='word_1_134' title='bbox 586 1687 751 1749; x_wconf 83' lang='lat' dir='ltr'><strong>Ciceronem</strong></span> <span class='ocrx_word' id='word_1_135' title='bbox 771 1689 990 1750; x_wconf 81' lang='lat' dir='ltr'><em>UNDECIMO</em></span> <span class='ocrx_word' id='word_1_136' title='bbox 1010 1692 1114 1750; x_wconf 82' lang='lat' dir='ltr'><strong>horam</strong></span> 
     </span>
     <span class='ocr_line' id='line_1_18' title="bbox 97 1767 1112 1846; baseline 0.002 -20"><span class='ocrx_word' id='word_1_137' title='bbox 97 1767 310 1828; x_wconf 80' lang='lat' dir='ltr'><strong>Poematarum</strong></span> <span class='ocrx_word' id='word_1_138' title='bbox 330 1782 358 1827; x_wconf 78' lang='lat' dir='ltr'><strong>et</strong></span> <span class='ocrx_word' id='word_1_139' title='bbox 380 1769 427 1827; x_wconf 76' lang='lat' dir='ltr'><strong>his</strong></span> <span class='ocrx_word' id='word_1_140' title='bbox 446 1769 600 1828; x_wconf 77' lang='lat' dir='ltr'><strong>Poematis</strong></span> <span class='ocrx_word' id='word_1_141' title='bbox 620 1783 753 1843; x_wconf 79' lang='lat' dir='ltr'><strong>oportere</strong></span> <span class='ocrx_word' id='word_1_142' title='bbox 773 1770 837 1829; x_wconf 79' lang='lat' dir='ltr'><strong>dici</strong></span> <span class='ocrx_word' id='word_1_143' title='bbox 854 1772 908 1829; x_wconf 80' lang='lat' dir='ltr'><strong>ait.</strong></span> <span class='ocrx_word' id='word_1_144' title='bbox 933 1771 1040 1846; x_wconf 80' lang='lat' dir='ltr'><strong>Itaque</strong></span> <span class='ocrx_word' id='word_1_145' title='bbox 1059 1769 1112 1828; x_wconf 91' lang='lat' dir='ltr'><strong>CI-</strong></span> 
     </span>
     <span class='ocr_line' id='line_1_19' title="bbox 99 1845 1113 1924; baseline 0.005 -19"><span class='ocrx_word' id='word_1_146' title='bbox 99 1845 205 1908; x_wconf 81' lang='lat' dir='ltr'><em>CERO</em></span> <span class='ocrx_word' id='word_1_147' title='bbox 233 1869 291 1924; x_wconf 83' lang='lat' dir='ltr'><strong>pra</strong></span> <span class='ocrx_word' id='word_1_148' title='bbox 326 1848 432 1908; x_wconf 84' lang='lat' dir='ltr'><strong>Gallio</strong></span> <span class='ocrx_word' id='word_1_149' title='bbox 456 1847 667 1909; x_wconf 79' lang='lat' dir='ltr'><strong>Poematarum</strong></span> <span class='ocrx_word' id='word_1_150' title='bbox 691 1861 720 1908; x_wconf 80' lang='lat' dir='ltr'><strong>et</strong></span> <span class='ocrx_word' id='word_1_151' title='bbox 745 1849 780 1908; x_wconf 82' lang='lat' dir='ltr'><strong>in</strong></span> <span class='ocrx_word' id='word_1_152' title='bbox 805 1849 934 1910; x_wconf 77' lang='lat' dir='ltr'><strong>Oratore</strong></span> <span class='ocrx_word' id='word_1_153' title='bbox 958 1849 1113 1910; x_wconf 74' lang='lat' dir='ltr'><strong>Poematis</strong></span> 
     </span>
     <span class='ocr_line' id='line_1_20' title="bbox 95 1925 224 2008; baseline 0 -24"><span class='ocrx_word' id='word_1_154' title='bbox 95 1925 224 2008; x_wconf 57' lang='grc' dir='ltr'><em>(ΜΡ).</em></span> 
     </span>
    </p>

    <p class='ocr_par' dir='ltr' id='par_1_5' title="bbox 60 2005 1114 2323">
     <span class='ocr_line' id='line_1_21' title="bbox 134 2005 1114 2084; baseline 0 -18"><span class='ocrx_word' id='word_1_155' title='bbox 134 2007 198 2067; x_wconf 84' lang='lat' dir='ltr'><strong>Nos</strong></span> <span class='ocrx_word' id='word_1_156' title='bbox 217 2025 290 2068; x_wconf 83' lang='lat' dir='ltr'><strong>vero</strong></span> <span class='ocrx_word' id='word_1_157' title='bbox 310 2007 335 2068; x_wconf 86' lang='lat' dir='ltr'><strong>si</strong></span> <span class='ocrx_word' id='word_1_158' title='bbox 353 2005 534 2068; x_wconf 88' lang='lat' dir='ltr'><strong>membranae</strong></span> <span class='ocrx_word' id='word_1_159' title='bbox 554 2017 682 2069; x_wconf 84' lang='lat' dir='ltr'><strong>vetustae</strong></span> <span class='ocrx_word' id='word_1_160' title='bbox 702 2005 848 2084; x_wconf 87' lang='lat' dir='ltr'><strong>addicunt,</strong></span> <span class='ocrx_word' id='word_1_161' title='bbox 866 2005 1030 2069; x_wconf 85' lang='lat' dir='ltr'><strong>breviorem</strong></span> <span class='ocrx_word' id='word_1_162' title='bbox 1051 2005 1114 2066; x_wconf 84' lang='lat' dir='ltr'><strong>lor-</strong></span> 
     </span>
     <span class='ocr_line' id='line_1_22' title="bbox 61 2083 1112 2170; baseline 0.002 -26"><span class='ocrx_word' id='word_1_163' title='bbox 61 2106 130 2145; x_wconf 85' lang='lat' dir='ltr'><strong>mam</strong></span> <span class='ocrx_word' id='word_1_164' title='bbox 150 2083 330 2159; x_wconf 81' lang='lat' dir='ltr'><strong>exbibemns;</strong></span> <span class='ocrx_word' id='word_1_165' title='bbox 350 2086 374 2147; x_wconf 87' lang='lat' dir='ltr'><strong>si</strong></span> <span class='ocrx_word' id='word_1_166' title='bbox 393 2087 498 2163; x_wconf 82' lang='lat' dir='ltr'><strong>minus,</strong></span> <span class='ocrx_word' id='word_1_167' title='bbox 515 2085 661 2170; x_wconf 78' lang='lat' dir='ltr'><strong>vulgatam</strong></span> <span class='ocrx_word' id='word_1_168' title='bbox 681 2088 846 2148; x_wconf 82' lang='lat' dir='ltr'><strong>retinemus.</strong></span> <span class='ocrx_word' id='word_1_169' title='bbox 883 2086 1011 2169; x_wconf 82' lang='lat' dir='ltr'><strong>Simplex</strong></span> <span class='ocrx_word' id='word_1_170' title='bbox 1032 2087 1045 2146; x_wconf 93' lang='lat' dir='ltr'><strong>l</strong></span> <span class='ocrx_word' id='word_1_171' title='bbox 1065 2085 1112 2148; x_wconf 83' lang='lat' dir='ltr'><strong>vel</strong></span> 
     </span>
     <span class='ocr_line' id='line_1_23' title="bbox 61 2163 1113 2248; baseline 0.005 -25"><span class='ocrx_word' id='word_1_172' title='bbox 61 2163 89 2223; x_wconf 87' lang='lat' dir='ltr'><strong>in</strong></span> <span class='ocrx_word' id='word_1_173' title='bbox 111 2166 303 2227; x_wconf 83' lang='lat' dir='ltr'><strong>multitudinis</strong></span> <span class='ocrx_word' id='word_1_174' title='bbox 328 2187 451 2227; x_wconf 87' lang='lat' dir='ltr'><strong>numero</strong></span> <span class='ocrx_word' id='word_1_175' title='bbox 477 2167 617 2248; x_wconf 83' lang='lat' dir='ltr'><strong>scripturn</strong></span> <span class='ocrx_word' id='word_1_176' title='bbox 636 2167 667 2226; x_wconf 90' lang='lat' dir='ltr'><strong>in</strong></span> <span class='ocrx_word' id='word_1_177' title='bbox 686 2178 791 2229; x_wconf 79' lang='lat' dir='ltr'><strong>vetust</strong></span> <span class='ocrx_word' id='word_1_178' title='bbox 811 2165 914 2228; x_wconf 89' lang='lat' dir='ltr'><strong>Bembi</strong></span> <span class='ocrx_word' id='word_1_179' title='bbox 934 2167 1032 2229; x_wconf 86' lang='lat' dir='ltr'><strong>codice</strong></span> <span class='ocrx_word' id='word_1_180' title='bbox 1052 2166 1113 2228; x_wconf 85' lang='lat' dir='ltr'><strong>Te-</strong></span> 
     </span>
     <span class='ocr_line' id='line_1_24' title="bbox 60 2247 411 2323; baseline 0.006 -19"><span class='ocrx_word' id='word_1_181' title='bbox 60 2258 131 2306; x_wconf 80' lang='lat' dir='ltr'><strong>rent.</strong></span> <span class='ocrx_word' id='word_1_182' title='bbox 150 2247 228 2306; x_wconf 86' lang='lat' dir='ltr'><strong>Eun.</strong></span> <span class='ocrx_word' id='word_1_183' title='bbox 250 2247 287 2323; x_wconf 80' lang='lat'><strong>11,</strong></span> <span class='ocrx_word' id='word_1_184' title='bbox 306 2248 341 2323; x_wconf 82' lang='lat'><strong>2,</strong></span> <span class='ocrx_word' id='word_1_185' title='bbox 361 2248 411 2306; x_wconf 82' lang='lat'><strong>25.</strong></span> 
     </span>
    </p>

    <p class='ocr_par' dir='ltr' id='par_1_6' title="bbox 99 2324 879 2404">
     <span class='ocr_line' id='line_1_25' title="bbox 99 2324 879 2404; baseline 0 -20"><span class='ocrx_word' id='word_1_186' title='bbox 99 2324 282 2386; x_wconf 79' lang='lat' dir='ltr'><strong>Concurrunt</strong></span> <span class='ocrx_word' id='word_1_187' title='bbox 300 2329 380 2387; x_wconf 82' lang='lat' dir='ltr'><strong>laeti</strong></span> <span class='ocrx_word' id='word_1_188' title='bbox 395 2327 441 2385; x_wconf 84' lang='lat' dir='ltr'><strong>mi</strong></span> <span class='ocrx_word' id='word_1_189' title='bbox 458 2326 570 2386; x_wconf 81' lang='lat' dir='ltr'><strong>ebriam</strong></span> <span class='ocrx_word' id='word_1_190' title='bbox 589 2326 767 2404; x_wconf 83' lang='lat' dir='ltr'><strong>cuppediarr&#39;</strong></span> <span class='ocrx_word' id='word_1_191' title='bbox 784 2349 879 2386; x_wconf 83' lang='lat' dir='ltr'><strong>omnes</strong></span> 
     </span>
    </p>

    <p class='ocr_par' dir='ltr' id='par_1_7' title="bbox 60 2403 1111 2706">
     <span class='ocr_line' id='line_1_26' title="bbox 97 2403 885 2483; baseline 0.001 -18"><span class='ocrx_word' id='word_1_192' title='bbox 97 2403 211 2478; x_wconf 82' lang='lat' dir='ltr'><strong>Cetan&#39;‚</strong></span> <span class='ocrx_word' id='word_1_193' title='bbox 232 2408 308 2476; x_wconf 82' lang='lat' dir='ltr'><strong>Iani,</strong></span> <span class='ocrx_word' id='word_1_194' title='bbox 329 2408 418 2483; x_wconf 79' lang='lat' dir='ltr'><strong>coqui</strong></span> <span class='ocrx_word' id='word_1_195' title='bbox 881 2463 885 2478; x_wconf 62' lang='grc'>,</span> 
     </span>
     <span class='ocr_line' id='line_1_27' title="bbox 61 2482 1110 2560; baseline 0 -17"><span class='ocrx_word' id='word_1_196' title='bbox 61 2493 90 2543; x_wconf 82' lang='lat' dir='ltr'><strong>ct</strong></span> <span class='ocrx_word' id='word_1_197' title='bbox 107 2483 135 2544; x_wconf 90' lang='lat' dir='ltr'><strong>in</strong></span> <span class='ocrx_word' id='word_1_198' title='bbox 154 2498 260 2546; x_wconf 77' lang='lat' dir='ltr'><strong>nostro</strong></span> <span class='ocrx_word' id='word_1_199' title='bbox 280 2487 411 2547; x_wconf 84' lang='lat' dir='ltr'><strong>Florent.</strong></span> <span class='ocrx_word' id='word_1_200' title='bbox 432 2486 468 2545; x_wconf 88' lang='lat' dir='ltr'><strong>dc</strong></span> <span class='ocrx_word' id='word_1_201' title='bbox 486 2483 543 2544; x_wconf 87' lang='lat' dir='ltr'><strong>Lin</strong></span> <span class='ocrx_word' id='word_1_202' title='bbox 565 2529 572 2544; x_wconf 93' lang='lat'><strong>.</strong></span> <span class='ocrx_word' id='word_1_203' title='bbox 591 2483 655 2544; x_wconf 87' lang='lat' dir='ltr'><strong>Lat.</strong></span> <span class='ocrx_word' id='word_1_204' title='bbox 675 2483 733 2560; x_wconf 79' lang='lat' dir='ltr'><strong>vl,</strong></span> <span class='ocrx_word' id='word_1_205' title='bbox 753 2485 783 2544; x_wconf 81' lang='lat'><strong>2.</strong></span> <span class='ocrx_word' id='word_1_206' title='bbox 802 2485 889 2556; x_wconf 85' lang='lat' dir='ltr'><strong>Luci,</strong></span> <span class='ocrx_word' id='word_1_207' title='bbox 914 2483 985 2558; x_wconf 79' lang='lat' dir='ltr'><strong>vll,</strong></span> <span class='ocrx_word' id='word_1_208' title='bbox 1011 2483 1040 2544; x_wconf 77' lang='grc' dir='ltr'><strong>ὅ.</strong></span> <span class='ocrx_word' id='word_1_209' title='bbox 1060 2482 1110 2543; x_wconf 86' lang='lat' dir='ltr'><strong>Ci-</strong></span> 
     </span>
     <span class='ocr_line' id='line_1_28' title="bbox 61 2505 1111 2646; baseline 0.002 -24"><span class='ocrx_word' id='word_1_210' title='bbox 61 2568 125 2624; x_wconf 77' lang='lat' dir='ltr'><strong>curr&#39;</strong></span> <span class='ocrx_word' id='word_1_211' title='bbox 145 2565 197 2626; x_wconf 84' lang='lat' dir='ltr'><strong>ubi</strong></span> <span class='ocrx_word' id='word_1_212' title='bbox 222 2565 271 2625; x_wconf 84' lang='lat' dir='ltr'><strong>alli</strong></span> <span class='ocrx_word' id='word_1_213' title='bbox 295 2565 422 2636; x_wconf 78' lang='lat' dir='ltr'><strong>Ca&#39;curr&#39;i,</strong></span> <span class='ocrx_word' id='word_1_214' title='bbox 456 2564 504 2624; x_wconf 83' lang='lat' dir='ltr'><strong>alil</strong></span> <span class='ocrx_word' id='word_1_215' title='bbox 524 2505 669 2635; x_wconf 43' lang='lat' dir='ltr'><strong>Cicurini,</strong></span> <span class='ocrx_word' id='word_1_216' title='bbox 703 2576 817 2624; x_wconf 81' lang='lat' dir='ltr'><strong>utnon</strong></span> <span class='ocrx_word' id='word_1_217' title='bbox 837 2563 944 2646; x_wconf 78' lang='lat' dir='ltr'><strong>injuria</strong></span> <span class='ocrx_word' id='word_1_218' title='bbox 962 2563 1111 2624; x_wconf 74' lang='lat' dir='ltr'><strong>Victorius</strong></span> 
     </span>
     <span class='ocr_line' id='line_1_29' title="bbox 60 2642 770 2706; baseline 0.001 -3"><span class='ocrx_word' id='word_1_219' title='bbox 60 2661 186 2706; x_wconf 85' lang='lat' dir='ltr'><strong>errorem</strong></span> <span class='ocrx_word' id='word_1_220' title='bbox 212 2657 344 2706; x_wconf 80' lang='lat' dir='ltr'><strong>veterum</strong></span> <span class='ocrx_word' id='word_1_221' title='bbox 364 2644 550 2706; x_wconf 87' lang='lat' dir='ltr'><strong>librariorum</strong></span> <span class='ocrx_word' id='word_1_222' title='bbox 568 2642 770 2706; x_wconf 83' lang='lat' dir='ltr'><strong>nominaverit.</strong></span> 
     </span>
    </p>
   </div>
   <div class='ocr_carea' id='block_1_3' title="bbox 46 2791 1110 3358">
    <p class='ocr_par' dir='ltr' id='par_1_8' title="bbox 57 2791 1110 3206">
     <span class='ocr_line' id='line_1_30' title="bbox 57 2791 1110 2868; baseline -0.003 -17"><span class='ocrx_word' id='word_1_223' title='bbox 57 2791 86 2863; x_wconf 90' lang='lat' dir='ltr'><strong>l)</strong></span> <span class='ocrx_word' id='word_1_224' title='bbox 113 2797 228 2867; x_wconf 79' lang='lat' dir='ltr'><strong>Quintil.</strong></span> <span class='ocrx_word' id='word_1_225' title='bbox 245 2797 329 2852; x_wconf 71' lang='lat' dir='ltr'><strong>instit.</strong></span> <span class='ocrx_word' id='word_1_226' title='bbox 349 2813 413 2851; x_wconf 82' lang='lat' dir='ltr'><strong>orat.</strong></span> <span class='ocrx_word' id='word_1_227' title='bbox 431 2799 458 2862; x_wconf 88' lang='lat' dir='ltr'><strong>I,</strong></span> <span class='ocrx_word' id='word_1_228' title='bbox 477 2798 501 2852; x_wconf 82' lang='grc'><strong>7.</strong></span> <span class='ocrx_word' id='word_1_229' title='bbox 525 2817 583 2868; x_wconf 73' lang='lat' dir='ltr'><strong>pag.</strong></span> <span class='ocrx_word' id='word_1_230' title='bbox 602 2797 645 2850; x_wconf 79' lang='lat'><strong>9⁰.</strong></span> <span class='ocrx_word' id='word_1_231' title='bbox 672 2797 764 2849; x_wconf 91' lang='lat' dir='ltr'><strong>Burrn.</strong></span> <span class='ocrx_word' id='word_1_232' title='bbox 812 2796 984 2850; x_wconf 83' lang='lat' dir='ltr'><strong>Recentiorea</strong></span> <span class='ocrx_word' id='word_1_233' title='bbox 1004 2795 1110 2861; x_wconf 72' lang='lat' dir='ltr'><strong>Caligu-</strong></span> 
     </span>
     <span class='ocr_line' id='line_1_31' title="bbox 107 2867 1109 2940; baseline -0.003 -17"><span class='ocrx_word' id='word_1_234' title='bbox 107 2868 160 2922; x_wconf 69' lang='lat' dir='ltr'><strong>lana</strong></span> <span class='ocrx_word' id='word_1_235' title='bbox 183 2871 251 2922; x_wconf 75' lang='lat' dir='ltr'><strong>{aleo</strong></span> <span class='ocrx_word' id='word_1_236' title='bbox 270 2869 436 2934; x_wconf 70' lang='lat' dir='ltr'><strong>intelligunt,</strong></span> <span class='ocrx_word' id='word_1_237' title='bbox 467 2889 580 2940; x_wconf 84' lang='lat' dir='ltr'><strong>quornm</strong></span> <span class='ocrx_word' id='word_1_238' title='bbox 599 2887 717 2920; x_wconf 88' lang='lat' dir='ltr'><strong>errorem</strong></span> <span class='ocrx_word' id='word_1_239' title='bbox 735 2867 836 2934; x_wconf 79' lang='lat' dir='ltr'><strong>notavit</strong></span> <span class='ocrx_word' id='word_1_240' title='bbox 853 2867 1000 2920; x_wconf 77' lang='lat' dir='ltr'><strong>Schneider</strong></span> <span class='ocrx_word' id='word_1_241' title='bbox 1019 2868 1109 2920; x_wconf 84' lang='lat' dir='ltr'><strong>Gram.</strong></span> 
     </span>
     <span class='ocr_line' id='line_1_32' title="bbox 105 2937 1109 3006; baseline -0.004 -14"><span class='ocrx_word' id='word_1_242' title='bbox 105 2939 164 2994; x_wconf 78' lang='lat' dir='ltr'><strong>Lat.</strong></span> <span class='ocrx_word' id='word_1_243' title='bbox 183 2941 210 3002; x_wconf 84' lang='lat' dir='ltr'><strong>l,</strong></span> <span class='ocrx_word' id='word_1_244' title='bbox 228 2940 271 2993; x_wconf 80' lang='grc'><strong>19.</strong></span> <span class='ocrx_word' id='word_1_245' title='bbox 321 2943 354 2994; x_wconf 82' lang='lat' dir='ltr'><strong>cl.</strong></span> <span class='ocrx_word' id='word_1_246' title='bbox 374 2941 492 2994; x_wconf 82' lang='lat' dir='ltr'><strong>leidorne</strong></span> <span class='ocrx_word' id='word_1_247' title='bbox 511 2940 537 3002; x_wconf 84' lang='lat' dir='ltr'><strong>l,</strong></span> <span class='ocrx_word' id='word_1_248' title='bbox 555 2939 603 3002; x_wconf 86' lang='grc'><strong>37,</strong></span> <span class='ocrx_word' id='word_1_249' title='bbox 622 2937 689 2993; x_wconf 80' lang='grc'>839..</span> <span class='ocrx_word' id='word_1_250' title='bbox 730 2939 852 2992; x_wconf 81' lang='lat' dir='ltr'><strong>Vertrau.</strong></span> <span class='ocrx_word' id='word_1_251' title='bbox 870 2939 903 2991; x_wconf 85' lang='lat' dir='ltr'><strong>ad</strong></span> <span class='ocrx_word' id='word_1_252' title='bbox 921 2938 1032 2990; x_wconf 84' lang='lat' dir='ltr'><strong>Varron.</strong></span> <span class='ocrx_word' id='word_1_253' title='bbox 1051 2954 1109 3006; x_wconf 69' lang='lat' dir='ltr'><strong>pag.</strong></span> 
     </span>
     <span class='ocr_line' id='line_1_33' title="bbox 105 3009 1110 3076; baseline -0.007 -11"><span class='ocrx_word' id='word_1_254' title='bbox 105 3011 169 3065; x_wconf 76' lang='lat'><strong>2⁸21.</strong></span> <span class='ocrx_word' id='word_1_255' title='bbox 203 3013 235 3064; x_wconf 90' lang='lat' dir='ltr'><strong>ln</strong></span> <span class='ocrx_word' id='word_1_256' title='bbox 261 3011 330 3066; x_wconf 80' lang='lat' dir='ltr'><strong>Velii</strong></span> <span class='ocrx_word' id='word_1_257' title='bbox 355 3012 417 3064; x_wconf 89' lang='lat' dir='ltr'><strong>loco</strong></span> <span class='ocrx_word' id='word_1_258' title='bbox 436 3031 450 3065; x_wconf 80' lang='grc' dir='ltr'>ι</span> <span class='ocrx_word' id='word_1_259' title='bbox 468 3009 631 3063; x_wconf 83' lang='lat' dir='ltr'><strong>Schneidero</strong></span> <span class='ocrx_word' id='word_1_260' title='bbox 650 3010 757 3062; x_wconf 82' lang='lat' dir='ltr'><strong>laudato</strong></span> <span class='ocrx_word' id='word_1_261' title='bbox 776 3020 807 3062; x_wconf 79' lang='lat' dir='ltr'><strong>a!</strong></span> <span class='ocrx_word' id='word_1_262' title='bbox 825 3013 880 3062; x_wconf 86' lang='lat' dir='ltr'><strong>iam</strong></span> <span class='ocrx_word' id='word_1_263' title='bbox 898 3011 927 3060; x_wconf 85' lang='lat' dir='ltr'><strong>r&#39;n</strong></span> <span class='ocrx_word' id='word_1_264' title='bbox 946 3009 1110 3076; x_wconf 73' lang='lat' dir='ltr'><strong>ambiguita-</strong></span> 
     </span>
     <span class='ocr_line' id='line_1_34' title="bbox 99 3076 1109 3204; baseline -0.006 -70"><span class='ocrx_word' id='word_1_265' title='bbox 99 3095 163 3204; x_wconf 60' lang='grc' dir='ltr'><strong>ἱιπι</strong></span> <span class='ocrx_word' id='word_1_266' title='bbox 182 3083 266 3136; x_wconf 75' lang='lat' dir='ltr'><strong>eada!</strong></span> <span class='ocrx_word' id='word_1_267' title='bbox 283 3094 378 3136; x_wconf 77' lang='lat' dir='ltr'><strong>utrum</strong></span> <span class='ocrx_word' id='word_1_268' title='bbox 391 3103 445 3154; x_wconf 84' lang='lat' dir='ltr'><strong>per</strong></span> <span class='ocrx_word' id='word_1_269' title='bbox 461 3083 483 3136; x_wconf 85' lang='lat' dir='ltr'><em>I</em></span> <span class='ocrx_word' id='word_1_270' title='bbox 497 3083 633 3156; x_wconf 81' lang='lat' dir='ltr'><strong>quaedam</strong></span> <span class='ocrx_word' id='word_1_271' title='bbox 650 3081 770 3132; x_wconf 78' lang='lat' dir='ltr'><strong>babeant</strong></span> <span class='ocrx_word' id='word_1_272' title='bbox 788 3081 845 3132; x_wconf 82' lang='lat' dir='ltr'><strong>elici</strong></span> <span class='ocrx_word' id='word_1_273' title='bbox 861 3098 966 3148; x_wconf 82' lang='lat' dir='ltr'><strong>anper</strong></span> <span class='ocrx_word' id='word_1_274' title='bbox 987 3077 1020 3138; x_wconf 87' lang='lat' dir='ltr'><strong>U,</strong></span> <span class='ocrx_word' id='word_1_275' title='bbox 1040 3076 1109 3142; x_wconf 75' lang='lat' dir='ltr'><strong>lege:</strong></span> 
     </span>
     <span class='ocr_line' id='line_1_35' title="bbox 121 3165 228 3206; baseline -0.009 -2"><span class='ocrx_word' id='word_1_276' title='bbox 121 3165 228 3206; x_wconf 72' lang='lat' dir='ltr'><strong>areant.</strong></span> 
     </span>
    </p>

    <p class='ocr_par' dir='ltr' id='par_1_9' title="bbox 46 3217 1110 3358">
     <span class='ocr_line' id='line_1_36' title="bbox 46 3217 1109 3291; baseline -0.006 -15"><span class='ocrx_word' id='word_1_277' title='bbox 46 3219 77 3288; x_wconf 74' lang='lat'><strong>²)</strong></span> <span class='ocrx_word' id='word_1_278' title='bbox 95 3225 199 3277; x_wconf 78' lang='lat' dir='ltr'><strong>mirum</strong></span> <span class='ocrx_word' id='word_1_279' title='bbox 215 3224 397 3278; x_wconf 76' lang='lat' dir='ltr'><strong>Poematr&#39;bas</strong></span> <span class='ocrx_word' id='word_1_280' title='bbox 414 3243 428 3276; x_wconf 84' lang='lat' dir='ltr'><strong>a</strong></span> <span class='ocrx_word' id='word_1_281' title='bbox 446 3224 566 3276; x_wconf 86' lang='lat' dir='ltr'><strong>Varrone</strong></span> <span class='ocrx_word' id='word_1_282' title='bbox 585 3223 737 3274; x_wconf 84' lang='lat' dir='ltr'><strong>damnatum</strong></span> <span class='ocrx_word' id='word_1_283' title='bbox 755 3221 837 3273; x_wconf 74' lang='lat' dir='ltr'><strong>semel</strong></span> <span class='ocrx_word' id='word_1_284' title='bbox 856 3237 982 3291; x_wconf 83' lang='lat' dir='ltr'><strong>apparere</strong></span> <span class='ocrx_word' id='word_1_285' title='bbox 1000 3217 1028 3270; x_wconf 87' lang='lat' dir='ltr'><strong>in</strong></span> <span class='ocrx_word' id='word_1_286' title='bbox 1042 3217 1109 3271; x_wconf 81' lang='lat' dir='ltr'><strong>cod.</strong></span> 
     </span>
     <span class='ocr_line' id='line_1_37' title="bbox 101 3290 1110 3358; baseline -0.006 -10"><span class='ocrx_word' id='word_1_287' title='bbox 101 3295 226 3350; x_wconf 70' lang='lat' dir='ltr'><strong>Floreat.</strong></span> <span class='ocrx_word' id='word_1_288' title='bbox 245 3311 273 3349; x_wconf 87' lang='lat' dir='ltr'><strong>et</strong></span> <span class='ocrx_word' id='word_1_289' title='bbox 290 3295 376 3349; x_wconf 77' lang='lat' dir='ltr'><strong>llam.</strong></span> <span class='ocrx_word' id='word_1_290' title='bbox 394 3294 502 3358; x_wconf 82' lang='lat' dir='ltr'><strong>v11,3.</strong></span> <span class='ocrx_word' id='word_1_291' title='bbox 522 3294 615 3349; x_wconf 73' lang='lat' dir='ltr'><strong>ceteris</strong></span> <span class='ocrx_word' id='word_1_292' title='bbox 635 3291 760 3346; x_wconf 67' lang='lat' dir='ltr'><strong>omnibus</strong></span> <span class='ocrx_word' id='word_1_293' title='bbox 778 3291 920 3345; x_wconf 75' lang='lat' dir='ltr'><strong>Poematis</strong></span> <span class='ocrx_word' id='word_1_294' title='bbox 936 3290 1110 3344; x_wconf 69' lang='lat' dir='ltr'><strong>servantibus·</strong></span> 
     </span>
    </p>
   </div>
   <div class='ocr_carea' id='block_1_4' title="bbox 0 0 1367 4676">
    <p class='ocr_par' dir='ltr' id='par_1_10' title="bbox 0 0 1367 4676">
     <span class='ocr_line' id='line_1_38' title="bbox 0 0 1367 4676; baseline 0 0"><span class='ocrx_word' id='word_1_295' title='bbox 0 0 1367 4676; x_wconf 95' lang='lat' dir='ltr'><strong> </strong></span> 
     </span>
    </p>
   </div>
  </div>
 </body>
</html>
