2640 4670
340 281 483 345 LIBER
504 279 702 346 SEXTUS.
989 279 1048 344 193

47 463 100 535 olim
117 465 187 538 dieta
203 457 307 559 terim,
329 465 417 538 uude
440 466 570 539 illorum
590 463 713 559 μῖνεςς
736 464 778 534 ab
802 486 842 534 eo
865 465 981 534 nostri.
1014 465 1046 536 A

44 571 168 642 mensibus
187 573 394 644 Intermesuis
419 571 534 656 dietus,
558 572 649 670 quod
672 569 833 665 putabant
853 568 938 640 iuter
959 569 1045 664 prio·

45 673 74 740 ris
89 678 187 748 mensis
208 677 405 750 senescentis
429 693 606 748 extremum
630 676 717 746 diem
739 689 773 744 et
793 697 913 742 novam
934 671 1046 745 lunam

45 801 93 846 ose
111 779 183 850 diem
203 807 296 877 quem
320 779 505 874 diligentius
527 778 627 849 Attici
649 762 721 852 irre
745 766 810 849 toi
834 764 909 850 νέαν
932 777 1044 874 appel-

43 877 131 966 lemno
148 885 185 954 ab
205 913 242 957 eo
265 885 354 982 quod
378 910 418 954 eo
443 883 495 953 die
518 901 629 978 potest
650 883 752 953 videri
775 899 917 952 extrema
932 897 966 951 et
978 881 1045 977 pri·
1056 893 1117 968 (to)

43 1008 78 1051 ue
93 983 164 1057 luno.
199 989 353 1060 Lustrum
374 989 580 1060 nominatum
603 1004 731 1082 tempus
757 985 999 1084 quinquennale
1023 1009 1044 1056 a

41 1084 135 1176 tendo,
153 1092 185 1168 id
203 1112 251 1166 est
273 1091 450 1177 solvendo;
474 1091 564 1190 qnod
589 1093 702 1189 quinto
727 1117 859 1188 quoqne
882 1115 970 1162 anuo
987 1118 1042 1162 ve·

43 1192 134 1284 nigelia
161 1215 191 1268 et
218 1199 304 1270 ultro
336 1198 456 1268 tributa
488 1223 548 1293 per
581 1221 735 1267 censores
764 1195 1044 1292 persolvebantur.

41 1292 135 1370 Seelnm
158 1305 292 1399 spatium
320 1327 482 1372 annorum
511 1318 643 1372 centum
664 1316 839 1386 vocarunt,
878 1297 1000 1370 dictum
1022 1323 1044 1370 a

42 1424 107 1489 sene,
130 1409 208 1504 quod
227 1407 456 1504 longissimum
477 1397 620 1503 spatium
642 1403 916 1476 senescendornru
937 1402 1042 1474 homi·

38 1641 95 1726 tire]
112 1649 173 1714 tot.
191 1655 224 1714 Β.
245 1653 313 1716 Md.
333 1653 397 1714 Bas.
418 1651 483 1714 Par.
504 1647 619 1790 Gryfh.
641 1647 756 1731 Vulgus.
776 1649 912 1741 Vertrsu:
924 1646 1042 1729 Seiopp.

62 1758 91 1772 -
104 1755 171 1793 nune
187 1733 318 1794 Florent.
337 1731 426 1793 Rhot.
445 1731 550 1792 Venet.
616 1729 652 1788 11.
672 1763 712 1774 —
732 1751 831 1788 menen
851 1727 929 1787 Edit
950 1728 1042 1809 princ.

62 1819 104 1865 ret
119 1841 152 1856 -·
208 1814 301 1874 Havn.
658 1848 660 1852 ·

36 1878 118 1947 ttoruu
132 1839 203 1966 ptiie
240 1892 317 1954 Cod.
336 1893 372 1951 Β.
392 1889 479 1973 Vnig.
498 1889 598 1949 Vertr.
618 1884 786 1968 Sciopp.·-
807 1886 930 1944 illorum
949 1907 1043 1944 menes

60 1963 162 2029 Floreut
184 1973 258 2032 ndis.
280 1971 373 2054 princ.
393 1981 498 2032 vetust.
523 1967 613 2028 Rhol.
638 1967 744 2028 Venet.
764 1966 787 2026 1.
808 1964 845 2025 ΙΙ.
868 1961 936 2025 Ale.
957 1963 1042 2026 Besil.

58 2041 105 2105 Per.
123 2047 227 2132 Gryph.
246 2087 288 2098 -
308 2053 431 2112 illorum
450 2072 558 2110 meuses
577 2047 670 2108 Havn.

34 2122 111 2208 nonu]
128 2134 216 2192 nostri
232 2154 343 2190 menses
363 2129 481 2211 Sciopp.
663 2136 669 2148 ‘

34 2207 192 2288 ntermestris]
225 2209 359 2272 Florent.
379 2209 473 2269 Havu.
493 2205 571 2268 Edit.
591 2205 681 2288 princ.
703 2215 808 2264 retest.
828 2199 944 2285 vulgat„
965 2202 1042 2262 Ver-

56 2291 111 2344 treo.
124 2287 235 2372 Seiopp.
255 2323 299 2336 -
318 2289 533 2349 intervomunt
552 2285 641 2348 Rhot.
661 2285 767 2346 Venet.
787 2283 810 2342 Ι.
831 2282 869 2343 ΙΙ.
888 2313 929 2328 ···
948 2283 1041 2342 inter·

56 2368 137 2426 nemi,
152 2367 214 2430 ΑΒ.
234 2369 302 2430 Bas.
321 2369 385 2430 Per.
406 2367 521 2463 Gryph.

29 2433 92 2502 flitltn
124 2449 199 2508 dicta
219 2449 312 2528 Sciop
335 2481 402 2507 .-
422 2451 534 2507 doctum
552 2445 646 2506 Havn.

29 2517 103 2594 pn'or'n
130 2530 241 2601 priores
260 2471 332 2589 Alei
350 2527 413 2587 Bas.
434 2526 521 2586 Poris.
542 2523 658 2605 Gryph.

28 2601 100 2660 Μηδὶς
141 2606 386 2669 Florent.=Havn.
411 2606 485 2666 Cot.
505 2605 540 2664 Β.
561 2602 704 2663 Rholand.
728 2598 1010 2662 Veuee1.11.Vut
1033 2645 1040 2659 .

51 2675 128 2743 i'trtr.
145 2717 182 2732 -·
205 2711 319 2748 menses
337 2685 415 2746 Edit.
435 2685 528 2768 princ.
544 2695 649 2771 vetust.
668 2682 735 2743 Md.
755 2683 819 2742 Bes.
840 2679 905 2740 Par.
926 2619 1041 2760 Grypi.

51 2787 80 2802 -
95 2782 110 2821 ο
314 2811 322 2825 ·
569 2813 575 2820 .

28 2765 422 2929 flhemtiiuiueiiesnilfpi'loreot.
441 2844 535 2905 Hevn.
555 2841 644 2904 Rhot.
664 2841 770 2901 Venet.
791 2838 813 2898 I.
834 2839 870 2898 ll.
889 2835 957 2895 ΑΜ.
977 2835 1042 2894 Bes.

49 2915 117 2981 Petis.
135 2923 249 3008 Gryph.
270 2959 313 2974 -
342 2940 489 2986 extremos
510 2925 573 2982 dies
592 2921 692 2982 Codex
713 2921 748 2979 Β.
769 2916 885 3001 Vulgat.
905 2916 1041 2975 Vertrnn.

28 2993 99 3082 ‚Suo
118 3027 143 3085 p.
161 3037 202 3051 -
222 3019 375 3066 extremm
397 3005 459 3063 ee.
479 3003 556 3061 nete.
577 3001 668 3083 princ.
690 3011 748 3059 vet
1072 3031 1074 3036 -

28 3089 57 3134 tor
71 3025 198 3167 saisire]
233 3084 306 3144 Atd.
326 3083 390 3144 Bes.
410 3082 498 3143 Paris.
519 3081 634 3162 Gryph.
654 3079 742 3161 Vulg.
768 3076 903 3136 Vertrsn.
923 3072 1041 3154 Sciopp.

48 3185 77 3202 -·
96 3160 305 3226 tremensem„
329 3165 353 3223 F
355 3163 461 3224 lorent.
480 3194 521 3207 -
552 3163 744 3221 Meneceuean
763 3155 841 3215 Edit.
867 3154 959 3234 princ.
984 3164 1042 3213 vet.

46 3233 401 3305 Rhol.Venet.1.11.-
433 3267 466 3318 μ.
487 3241 580 3302 ann.
599 3273 641 3285 —
672 3261 815 3315 prenestae
837 3231 938 3294 Codex
957 3232 992 3291 B.
1013 3243 1044 3292 et

47 3315 201 3384 Aomntiuus
221 3324 254 3383 in
276 3321 417 3406 margine.
436 3353 477 3366 -
497 3320 532 3380 cf.
553 3319 599 3379 De
619 3318 655 3379 R.
676 3319 710 3377 R.
733 3318 760 3390 1,
780 3317 829 3376 37.

28 3365 182 3489 miserunt]
203 3404 400 3480 appellarent
421 3399 499 3459 Edit.
519 3399 612 3480 prius.
632 3407 737 3458 vetust.
758 3417 824 3455 cnm
843 3391 918 3454 Cod.
939 3392 974 3452 B.

28 3475 91 3536 ”dte
124 3481 258 3544 Florent.
281 3483 375 3542 Havn.
396 3513 435 3525 —-
456 3503 492 3539 ea
513 3481 562 3539 dte
581 3476 678 3538 ceteri.

28 3475 104 3694 istd
120 3560 254 3624 Florent.
276 3560 373 3620 Horu.
393 3557 471 3620 Edit.
492 3557 583 3640 princ.
602 3568 707 3618 retnst.
726 3551 816 3614 Rhol.
837 3553 941 3613 Venet.
964 3551 986 3610 1.
1008 3551 1044 3609 11.

43 3633 94 3771 gei.
111 3639 173 3702 Bas.
197 3642 295 3703 Puris.
316 3638 430 3721 Gryph.
450 3671 491 3685 -
524 3637 578 3698 hoc
597 3650 639 3696 est
661 3634 761 3697 Codex
779 3631 816 3693 Β.
837 3631 925 3715 Vulg.
945 3630 1045 3694 Verte.

72 3738 79 3772 i
134 3763 141 3778 ,
254 3758 260 3768 .

28 3737 131 3882 tunitii
148 3803 234 3862 ultro
258 3797 336 3861 cod.
350 3797 386 3857 Β.
405 3831 446 3844 -
466 3811 494 3858 et
515 3798 600 3856 ultra
620 3792 782 3884 Angustia..
795 3811 884 3874 marg.
905 3809 939 3848 ex
961 3786 1046 3847 libro.

28 3869 106 3954 idum]
136 3881 276 3941 Florent.
299 3879 393 3940 Havn.
412 3909 452 3924 -
480 3877 608 3937 seculum
628 3873 724 3934 ceteri.
745 3902 786 3916 -
814 3872 964 3930 saeculum
984 3869 1047 3926 Au-

38 3958 126 4034 gustis.
145 3959 175 4022 in
197 3981 264 4021 mar
300 3979 345 4019 ne.
668 3999 674 4008 .

28 4047 125 4100 ¹norom
143 3979 299 4132 centum?
310 4051 422 4100 centum
439 4057 584 4098 annorum
602 4033 696 4095 Horu.

42 4145 117 4208 nr.
136 4153 234 4210 vm...
735 4129 846 4202 [13]
