2618 4672
327 302 472 370 masa
497 298 730 370 OGT‘AVU&
993 299 1055 367 ss!

43 483 143 555 omneis
166 485 248 582 paris
267 483 498 583 magnitudine
521 505 560 552 ac
581 483 684 576 ligura
702 467 838 554 lbciuut.
899 479 1003 573 Quod
1025 483 1055 553 sl

44 606 110 659 essct
128 591 267 687 apalegia
289 592 431 688 peteuda
453 585 659 683 supellectili,
689 613 804 657 erueres
827 588 929 658 lectos
953 589 1054 658 habe·

42 719 125 762 nurus
146 697 228 771 demi
250 697 291 773 ad
313 696 587 779 un'amlermam,
620 711 732 763 aeaut
755 720 828 764 curu
849 689 969 780 fulcro,
998 711 1055 764 aut
1100 706 1104 724 ⁸

42 799 95 869 siue
115 825 159 884 e0,
179 827 236 874 nec
260 825 333 880 cum
357 801 398 870 acl
421 799 627 869 tricliniarcm
651 800 797 894 gradum,
820 800 987 870 non-item
1011 799 1054 868 ad

41 905 240 976 cubicularem:
261 909 368 1002 neque
392 906 500 1000 petius
524 903 757 974 delectaremur
773 904 983 1000 supellectile,
1002 905 1054 973 eli-¹

40 1007 133 1077 stiucta
157 1035 234 1106 quae
262 1025 350 1081 esset
378 1037 417 1079 ex
440 1009 554 1093 ebore-3
592 1007 730 1104 ubisque
751 1008 847 1082 rebu's
872 1010 1054 1105 disparibus

39 1113 139 1205 figuris,
174 1143 268 1212 quam
295 1103 454 1210 grabatis,
492 1115 554 1211 qui‘
571 1113 738 1208 analegeu
760 1115 802 1184 ad
826 1115 967 1186 similem
986 1115 1057 1185 loe.

39 1241 105 1284 ruam
130 1219 310 1318 plerumque
335 1220 450 1290 eadem
472 1219 606 1289 materia
620 1221 720 1288 'liunt
781 1217 894 1310 Quare
918 1235 1054 1314 aet'ue·

37 1324 164 1416 gaudum,
183 1325 276 1397 nobis
300 1325 443 1422 disparia
466 1349 539 1396 esse
561 1325 721 1412 iucuuda;
744 1341 804 1396 aut
823 1326 978 1422 queniam
994 1351 1053 1396 ue·

36 1575 135 1656 omneis]
152 1577 175 1639 F
177 1578 228 1639 lor.
249 1577 338 1662 Vulg.
358 1611 399 1626 ·-
425 1602 521 1640 omnes
540 1577 593 1640 reli
615 1578 653 1646 eei.
674 1578 769 1676 Supra
789 1579 858 1640 sort.
879 1602 935 1655 que
955 1579 1051 1638 modo.

35 1655 94 1734 paris
110 1679 147 1716 tua
167 1657 309 1738 nitudine]
341 1657 420 1718 Flor.
440 1660 533 1718 Havn.
554 1601 627 1718 col.
646 1655 681 1719 B.
701 1659 756 1736 lad.
775 1659 867 1741 princ.
886 1669 944 1720 vet
963 1655 1051 1717 Rbol.

63 1734 123 1794 Veu.
143 1679 166 1797 b
183 1741 217 1798 ll.
237 1769 279 1784 -
308 1740 411 1812 puret's
430 1739 636 1819 magnitudine
655 1734 742 1820 Vulg.
761 1769 802 1785 —
851 1761 920 1796 am
937 1738 1054 1818 magni·

61 1817 150 1954 gede'ube
166 1817 264 1880 Verte.
286 1815 404 1899 Sciopp.
423 1849 463 1864 -
479 1819 556 1896 puri
572 1819 778 1899 magnitudine
795 1817 824 1880 A
882 1817 946 1878 Bas.
965 1816 1053 1878 Paris.

86 1913 158 1975 cyp.

34 1989 94 2066 quod
109 1991 131 2050 si
147 1989 234 2078 esset]
255 1995 340 2072 quael
355 2006 446 2052 essent
465 1991 546 2052 Flor.
567 1990 660 2052 Ham.
784 2011 787 2021 '

33 2067 145 2150 peteuda]
161 2077 311 2291 sepuenda
330 2071 449 2154 Seiepp.

238 2152 371 2213 Floreat.
392 2153 485 2212 llavn.
504 2184 544 2197 -
564 2173 595 2212 m
613 2152 781 2229 supelectilr‘
796 2151 885 2213 Rbol.
904 2152 1009 2212 Venct.
1029 2153 1052 2212 l.

82 2271 89 2285 .
106 2240 132 2289 et
149 2230 253 2313 depici
270 2254 302 2307 p·
323 2231 402 2290 Edit.
423 2230 514 2313 princ.
534 2241 639 2292 retest
658 2263 699 2278 -
731 2233 763 2292 ln
781 2233 966 2310 supellectile
985 2229 1053 2293 reli·

58 2307 112 2386 qui,
128 2309 191 2370 item
212 2311 290 2374 (bd.
310 2311 345 2370 B.
365 2332 429 2372 cum
449 2309 609 2386 duobus'p.

13 2417 71 2468 ,Ut
86 2423 141 2463 tum
159 2404 208 2501 ed]
242 2405 326 2467 Flos.
344 2440 386 2454 -
418 2429 508 2484 neque
527 2419 642 2467 tantum
660 2409 707 2468 ad
724 2406 842 2489 Sciopp.
861 2440 903 2454 -
922 2431 972 2466 nec
991 2420 1054 2466 tum

57 2483 215 2622 palareliquu
228 2519 271 2534 -
292 2499 320 2548 et
340 2500 459 2548 tautum
477 2487 523 2548 ad
539 2487 630 2548 Henr.
651 2485 812 2569 Stephanus
832 2485 966 2570 Append.
986 2507 1052 2570 pag.

78 2583 85 2620 t
106 2607 112 2620 .

28 2651 200 2742 tricliniarem]
220 2661 409 2724 tre'cls'narem
427 2661 520 2724 Havn.

27 2735 140 2820 gradum]
179 2745 275 2800 radus
295 2741 414 2838 Sciopp.

27 2815 151 2878 renitere
190 2821 261 2880 sort.
283 2841 356 2881 nuuc
375 2837 463 2894 rcem3
482 2821 513 2880 ni
533 2819 652 2882 delenda
670 2821 767 2901 potius
786 2820 875 2884 altera
894 2820 1022 2905 negatio.

25 2890 224 2984 delectaremur]
246 2903 456 2960 delecteremur
474 2901 528 2960 Ed.
548 2899 640 2981 princ.
658 2913 716 2962 vet.

25 2969 134 3054 alesque]
154 2999 212 3040 em.
232 2980 328 3040 Have.

24 3047 70 3142 lb·
85 3053 156 3118 ribus
176 3056 293 3141 liguris]
314 3057 444 3132 Floreqt.
463 3059 556 3120 Havn.
576 3092 616 3105 -
637 3057 861 3138 disparibusque
872 3059 985 3141 figuris
1004 3080 1052 3121 re-

64 3133 113 3212 tqtti
130 3135 217 3219 Vulg.
230 3139 369 3218 figurer's.

13 3241 90 3303 vquara
194 3232 232 3293 tis
259 3231 310 3311 qui
328 3229 489 3318 analogon]
523 3234 602 3295 Flor.
622 3236 713 3296 Have.
734 3267 775 3280 ·-
828 3257 898 3294 uam
908 3236 1053 3322 grabatis

116 3333 188 3392 egen
208 3311 290 3372 Edit.
311 3312 402 3392 princ.
422 3315 600 3394 (grabattis)
619 3315 724 3378 vetuit.
743 3259 832 3374 Rhul.
853 3313 957 3376 Venet.
977 3316 1051 3377 1.11.-

50 3415 85 3432 -·
98 3411 187 3466 ,quam
197 3393 342 3472 grabatis
360 3384 498 3462 leolam»
518 3393 585 3454 Ald.
606 3394 670 3455 Bas.
689 3393 754 3455 Per.
776 3393 890 3476 Grypb.
902 3425 943 3442 -
962 3419 1052 3472 quam

46 3469 189 3542 grabattis
209 3471 391 3549 analogicae
412 3469 484 3532 cod.
506 3471 539 3532 B.
559 3506 599 3519 -
620 3497 708 3550 quam
724 3477 878 3559 grabattis
896 3477 1052 3560 analeget's

47 3565 102 3604 cum
120 3547 208 3631 Vulg.
230 3549 331 3609 Verte.
350 3581 391 3596 -·
409 3574 500 3627 quam
518 3573 582 3612 cum
600 3553 720 3639 Sciupp.

18 3634 190 3739 adsimilem]
209 3644 338 3703 simtlem
359 3643 458 3706 Codex
478 3646 513 3706 B.
1062 3677 1069 3714 t

18 3711 139 3803 luuruda]
164 3725 297 3783 secunda
318 3723 394 3784 Edit
414 3725 505 3806 princ.
525 3739 584 3788 vet.
603 3759 643 3774 -
662 3731 855 3814 e'udpbaudum
873 3731 981 3805 fietne
1002 3734 1051 3797 sed

46 3811 163 3886 ertfema
183 3800 285 3862 littera
302 3801 439 3864 inducta.'

16 3893 133 3967 queniam
154 3917 274 3958 neeesse
293 3895 352 3978 est]
373 3899 503 3961 flerent.
522 3901 615 3962 Have.
636 3901 735 3965 Codex
750 3904 790 3965 ’Β.
810 3905 864 3967 Ed.
884 3908 974 3990 princ.
994 3922 1050 3972 vet.

45 3970 274 4073 libel-'quia
294 3986 404 4038 necesse
422 3993 464 4040 est
484 3981 558 4042 Vcn.
579 3983 602 4042 l.
623 3983 659 4042 ll.
679 3981 746 4043 btd.
766 3987 830 4046 Bas.
850 3987 915 4046 Par.
935 3987 1050 4074 Grypb.

44 4082 78 4099 ··
97 4077 240 4133 quomam
261 4077 321 4116 me
339 4079 448 4119 necesse
467 4073 509 4120 est
530 4059 646 4146 vulgat
666 4061 800 4126 vertrae.
820 4065 937 4148 Sciopp.
