2732 4686
372 249 767 354 'ors‘uuuouos
862 251 866 262 ’
1061 289 1127 352 ooo

53 465 201 559 generis
225 465 313 536 euim
335 465 445 538 viuum
469 467 559 565 quod
582 465 680 554 Gbio,
702 467 790 536 aliud
810 463 903 564 quod
925 461 1055 536 Lesbo:
1078 465 1126 536 sio

54 597 109 640 ex
133 570 322 666 regionibus
344 571 416 644 aliis
441 597 526 670 quae
547 572 620 668 ipsa
643 572 802 655 dicuntur,
824 595 912 640 nuuc
933 569 1049 638 melius
1066 595 1126 638 uu-

55 693 210 770 guenta,
246 677 299 746 cui
328 703 417 748 nuuc
440 701 562 774 genera
584 675 720 773 aliquot.
779 675 816 746 si
837 676 916 745 item
939 674 1127 744 discrimina

55 804 193 874 magna
227 799 341 852 esseut
375 783 439 854 olei
472 800 505 854 et
540 780 624 851 aceti
656 796 689 851 et
721 782 768 852 sie
804 797 983 851 ceterarum
1017 803 1127 848 rerum

57 885 233 957 eiusmodi
254 885 289 956 iu
312 912 376 957 usu
398 887 578 970 communi,
613 884 797 957 dicerentur
818 886 866 956 sie
890 883 995 970 Olea,
1024 899 1060 952 ut
1081 882 1126 952 vi·
1139 889 1191 946 144
1252 933 1256 943 ,

56 1015 128 1060 na.
178 987 293 1080 Quare
315 991 350 1060 iu
372 1007 509 1089 utraque
533 989 676 1085 denique
698 1017 752 1075 re,
792 991 943 1060 scindere
967 1003 1128 1074 conantur

43 1093 277 1189 -analogiam,
315 1113 348 1166 et
376 1123 451 1166 cum
477 1097 513 1166 in
541 1092 689 1166 dissimili
706 1105 786 1166 ‘usu
819 1095 937 1166 similia
968 1093 1130 1165 vocabula

61 1216 244 1295 quaerunt,
266 1216 299 1269 et
321 1225 395 1271 oum
415 1201 492 1272 item
517 1225 555 1271 ea
578 1224 663 1296 quae
684 1201 845 1288 metimur,
866 1217 964 1298 atque
987 1224 1126 1297 eaquae

59 1329 297 1389 numeramus,
321 1304 385 1374 diri
405 1321 524 1402 potant
545 1321 708 1401 oportere.

158 1411 213 1484 41.
271 1410 354 1480 Item
375 1410 620 1508 reprehendunt
640 1408 840 1512 analogias&
865 1410 955 1507 quod
978 1410 1128 1480 dicautur
1151 1437 1154 1446 ’

62 1511 288 1584 multitudiuis
326 1515 461 1589 nomine
499 1515 649 1613 publicae
685 1515 849 1601 Balneae,
885 1541 955 1587 uou
987 1515 1126 1602 Balnea,

64 1739 121 1800 alii
139 1739 254 1824 generis
272 1739 363 1881 euimg
388 1740 468 1802 Flor.
488 1741 582 1804 Ham.
601 1741 658 1802 Ed.
677 1741 769 1839 princ.
788 1754 847 1804 vet.
866 1739 956 1803 Rbol.
975 1741 1081 1804 Vener.
1101 1744 1126 1804 l.

112 1821 149 1880 ll.
167 1818 235 1882 ΑΜ.
254 1820 318 1882 Bas.
362 1821 425 1882 aris.
446 1820 559 1904 Grypb.
580 1853 622 1867 ···
640 1824 722 1884 alsus
741 1822 818 1883 euim
832 1823 951 1904 generis
970 1821 1071 1884 Codex
1090 1823 1125 1884 Β.

111 1899 170 1958 Vol
193 1943 200 1958 .
220 1899 318 1960 Vertr.
341 1899 458 1997 Sciopp.

65 1919 297 2062 vinnulorum
316 1979 371 2040 Et.
391 2002 483 2063 pnoc.
502 1993 562 2044 ret.

65 2054 168 2140 aliud]
187 2060 267 2118 aliut
287 2059 368 2120 Flor.
387 2093 428 2108 -
447 2062 528 2121 alius
549 2058 622 2122 Cod.
643 2059 676 2121 B.
697 2056 814 2144 Vulgat.
834 2059 934 2122 Vertr.
955 2059 1074 2144 Sciopp.
1094 2072 1127 2123 et

111 2138 180 2198 lort
200 2139 293 2199 Baro.

66 2214 183 2296 Lesbo]
203 2219 305 2278 Lesbio
324 2218 405 2278 Flor.
424 2220 519 2280 Horu.
539 2219 617 2280 Edit.
637 2219 730 2302 princ.
748 2231 807 2282 vet
826 2215 914 2280 Rbol.
934 2212 1009 2280 Veu.
1029 2221 1053 2282 1.
1073 2221 1112 2282 ll.

67 2296 240 2390 regi-onibus
259 2295 334 2377 aliis]
355 2298 486 2396 Floreat.
506 2301 600 2362 Ham.
619 2333 660 2397 '.'
680 2301 754 2360 aliis
773 2319 830 2360 om.
850 2296 965 2393 reliqui.

67 2376 231 2536 bilbilim
256 2375 847 2541 03?‘flavl'ttlllf'llglt'bllt
865 2391 1124 2540 liliill‘ssmiir.
1177 2501 1179 2508 Α

111 2539 194 2629 quod
210 2535 266 2674 Ιὲά.
285 2535 377 2674 ρίἰηο.
396 2549 454 2598 vet.
472 2537 560 2600 llhol.
581 2537 656 2600 Ven.
676 2541 700 2600 l.
721 2539 757 2598 ll.
770 2569 811 2584 -
830 2541 955 2618 aliquid
971 2536 1039 2599 ΑΜ.
1059 2537 1123 2600 Bas.

70 2683 98 2757 si
109 2615 204 2777 ilaelbs]
221 2635 352 2756 silyileln
371 2695 451 2758 Flor.

70 2786 233 2836 ceterarum
269 2790 455 2855 acceptarum
474 2777 567 2839 Havu.

70 2771 440 2992 discrimirrelrdr'scrimine
458 2854 524 2938 Gry
546 2856 574 2916 b.

71 2927 240 3014 eiusmodi}
275 2933 328 2994 lor.
349 2934 443 2996 Havn.
462 2968 502 2982 -
522 2880 723 2996 buiuscrmodr'
738 2931 838 2997 ceteri.

72 3008 341 3151 uttrerina]nhCodex
359 3013 394 3074 B.
413 3015 492 3076 Edit.
512 3013 601 3100 Vulg.
620 3015 720 3078 Vero.
740 3014 858 3098 Sciopp.
878 3045 919 3060 -
938 3027 967 3074 et
989 3014 1056 3074 rina
1074 3033 1124 3076 ve-

143 3112 188 3152 res
248 3114 283 3152 rr.

72 3263 215 3311 conantur
254 3249 329 3312 Cod.
348 3251 383 3313 B.
402 3254 495 3315 Horu.

110 3341 188 3390 teres
248 3331 282 3391 ri.

72 3407 242 3548 ιηαΙῬαως
269 3421 301 3471 et
320 3409 400 3492 eum]
434 3412 552 3496 Vulgat.
574 3410 847 3496 Vertren.·Sciopp.
866 3443 907 3458 -
938 3411 1125 3492 analogiam.

110 3512 142 3548 se
182 3512 245 3550 cum
264 3502 376 3552 veteres
397 3490 463 3552 libri
482 3513 591 3556 omues.

72 3564 129 3628 diei
147 3566 265 3651 putant]
286 3566 375 3654 Vulg.
395 3571 495 3632 Vertr.
515 3571 635 3655 Sciopp.
654 3605 696 3618 -
714 3573 896 3649 diripuerat
915 3582 1029 3633 veteres
1048 3569 1124 3631 libri.

479 3701 590 3788 Cap.
635 3705 715 3766 XLL

124 3803 305 3904 rebendunt]
323 3806 560 3884 repraebmdunt
575 3808 600 3870 F
601 3806 656 3870 lor.

71 3885 107 3945 ba
139 3881 207 3969 eae]
225 3887 363 3948 balmae
382 3886 457 3950 (iod.
476 3887 511 3947 Β.
532 3885 649 3985 vulgat.
669 3889 804 3950 Vestram
825 3887 943 4028 Scioffp.

72 3963 185 4046 balnea]
218 3967 328 4028 balma
346 3967 441 4028 Havn.
460 3999 501 4018 -
532 3969 655 4030 balam
675 3967 775 4032 Codex
795 3969 829 4031 B.
849 3969 898 4029 Vu
910 3979 967 4052 gat
988 3968 1122 4029 Ver-tram

112 4043 231 4128 Seiopp.
250 4047 341 4110 etsie
360 4047 443 4110 iufra.

543 3253 602 3338 ulg.
621 3256 722 3316 Vertr.
743 3254 911 3336 Sciopp.—
930 3267 1057 3313 conatur
1073 3273 1124 3313 re·

71 3167 318 3392 scindereff'lor.
337 3173 431 3234 Havn.
451 3173 542 3313 vul&
559 3175 658 3236 Vertr.
679 3207 720 3222 -·
739 3175 903 3234 rescindere
921 3171 1035 3252 reliqui.
