2736 4676
247 351 349 402 xmv
577 261 580 276 ¹
628 311 932 390 PRAEFATIO

243 516 352 598 potam
370 496 515 574 ament:
545 503 669 568 macte
687 489 743 603 ¹ob
774 514 820 563 eo
843 489 945 588 qood
960 489 1103 583 gruem·
1127 437 1313 583 ffffiyffmJ

246 652 345 730 quae
368 633 505 712 frtutra
535 628 575 700 in
599 623 735 700 nostris
759 619 948 698 codicibus
971 621 1210 716 quaesivefig,

341 801 346 810 ¹
448 913 456 927 ι
551 821 710 899 Editio
738 819 1013 920 Gryphiana
1120 891 1124 898 .

584 953 774 1051 ,Lugdruri
794 955 901 1028 1535.
924 958 959 1028 8.
996 1027 999 1033 ,

351 1092 511 1170 Varroni
532 1089 622 1164 liber
635 1085 789 1162 Catonis
804 1085 986 1180 originum
1008 1081 1203 1192 adhaeret3
1226 1094 1311 1154 tex·

255 1241 316 1303 tus
339 1247 391 1299 ox
413 1223 560 1297 Bentini
584 1217 823 1314 castigatione
845 1217 973 1292 multis
994 1226 1121 1290 tamen
1141 1215 1311 1290 correctis

257 1377 475 1458 expressus:
506 1376 588 1453 pag.
615 1349 661 1427 47
689 1349 893 1445 mamm
919 1371 971 1422 aa
999 1373 1090 1422 aare
1121 1345 1312 1445 Pythago-

257 1517 324 1569 ras
339 1483 636 1583 Toreatisect‘te.
649 1492 777 1556 exstat
798 1481 838 1554 in
859 1479 931 1554 hac
948 1479 1108 1554 editione
1122 1477 1313 1577 Pythago-

258 1621 489 1714 suspicior,
518 1615 618 1710 quod
651 1625 689 1689 et
713 1591 850 1706 falsum
876 1623 914 1685 et
928 1635 1063 1687 omnes
1084 1611 1168 1687 libri
1188 1613 1313 1712 scripti

259 1769 298 1832 et
319 1753 450 1830 excusi
470 1750 596 1844 pt'ctor
619 1758 717 1822 recte
740 1747 923 1842 igmrant.

460 1947 618 2026 Editio
648 1946 841 2022 Antonii
871 1941 1119 2042 Augustini

468 2053 471 2062 ¹
625 2081 766 2156 Romae
791 2075 897 2153 1557.
922 2083 957 2150 8.

362 2215 466 2292 Haeo
488 2213 654 2286 recensio
676 2231 819 2285 novum
844 2211 956 2307 plano
970 2207 1146 2284 Varronis
1169 2219 1317 2282 textum

267 2349 436 2438 exhibet3
457 2345 763 2443 interpolatorum
784 2341 883 2414 enim
904 2340 1082 2414 librorum
1104 2343 1323 2414 auctoritate

269 2482 373 2556 omni
402 2478 589 2575 scriptoris
622 2494 736 2567 quarn
767 2471 881 2549 valde
909 2485 1070 2548 sectatur
1104 2473 1325 2564 antiquitate

269 2613 417 2687 delecta
438 2610 631 2702 vulgarem
655 2603 800 2684 dicendi
818 2604 1001 2679 rationem
1016 2605 1241 2698 Augustinus
1264 2629 1324 2678 re-

270 2745 410 2840 posuit;
432 2743 558 2837 itaque
576 2759 767 2837 nunquam
777 2737 953 2834 fortasse
973 2762 1024 2812 aa
1047 2751 1222 2835 sequente
1238 2761 1328 2814 con-

265 2875 455 2974 junctivo,
489 2869 555 2945 sed
567 2873 741 2968 sortasse
762 2869 825 2944 vel
833 2869 1025 2966 sarcion,
1055 2889 1245 2964 nunquam
1267 2873 1328 2946 al-

273 2989 398 3081 terum
420 3014 559 3094 utrm,
583 2999 768 3094 quomodo
790 3001 1063 3079 venustissimos
1084 3004 1224 3077 locutos
1244 3024 1331 3079 esse

274 3123 482 3214 Priscianus
505 3135 533 3210 Ι.
561 3154 644 3232 pag.
668 3139 739 3208 208
761 3133 825 3208 Kr.
847 3131 981 3224 tradit,
1015 3146 1052 3206 et
1076 3153 1170 3227 quae
1194 3135 1268 3209 alia
1286 3137 1332 3213 id

275 3293 391 3368 genus
422 3269 601 3364 plurima,
642 3265 744 3361 apud
772 3265 870 3341 huno
897 3266 1076 3342 iuvenies.
1135 3265 1334 3362 Turnebus

277 3399 379 3496 quod
404 3399 492 3473 dicit
516 3399 714 3476 Adversar.
738 3395 832 3474 libro
853 3397 988 3491 xxm,
1013 3399 1056 3473 16
1085 3398 1338 3496 Augustinum

276 3523 454 3610 Varronis
481 3529 679 3625 vindicem,
702 3545 923 3607 assertorem
952 3543 1223 3627 patronumque
1249 3537 1338 3607 ruri-

279 3679 365 3739 'oum
386 3639 610 3755 habendum,
633 3660 814 3739 imovero
833 3665 912 3738 eius
933 3666 1057 3758 potius
1071 3665 1342 3758 Aesculapium

281 3819 362 3871 osse
387 3795 693 3886 ex'istimandum‚
717 3815 810 3872 cave
831 3813 883 3871 ex
905 3796 1021 3871 animi
1044 3797 1226 3872 sententia
1250 3817 1344 3890 pro-

282 3928 400 4002 latum
424 3939 544 4022 putes,
568 3927 631 4019 qui
652 3928 781 4018 quanti
800 3931 909 4022 pretii
931 3937 1029 4004 esset
1052 3929 1151 4003 illius
1170 3933 1346 4007 recensio

284 4063 424 4154 optime
449 4058 652 4152 perspexit,
687 4078 756 4133 nec
777 4083 863 4135 raro
885 4061 995 4136 tacite
1017 4063 1058 4138 in
1080 4083 1165 4136 cam
1193 4061 1349 4138 invehi-

284 4203 356 4280 tur,
384 4211 423 4264 v.
446 4213 476 4260 c.
506 4188 662 4262 Advers.
684 4187 905 4324 XXIV'29:
