2640 4670
232 263 293 330 1⁹8
577 261 719 324 LIBER
743 260 931 324 SEXTUS

232 441 370 514 inico
390 439 545 513 nomam.
572 437 762 512 Fordicidia
784 463 805 510 a
825 439 930 510 coi-ais
952 439 1070 511 iuius.
1099 437 1172 512 nos
1194 435 1284 508 cora
1309 387 1310 460 ÷

234 572 318 644 quae
347 546 411 620 fert
439 547 473 617 in
502 564 625 619 ventre.
680 543 785 636 Quod
816 571 856 616 eo
885 546 937 619 die
966 547 1095 644 publice
1118 543 1284 616 immolan-

233 669 287 722 tur
321 652 424 724 boves
461 637 680 748 prae'gnantes
716 652 752 724 in
790 650 887 722 cuciis
926 653 1129 748 complures,
1167 674 1189 720 a
1225 649 1310 718 [or-i

235 757 286 831 dis
316 759 493 830 caedendis
522 759 712 831 Fordicidia
742 757 837 828 dicta.
895 755 1014 828 Palilia
1043 757 1130 827 dicia
1156 783 1178 826 a
1199 755 1285 840 Pale,

237 863 327 959 qnod
351 865 382 935 ei
403 863 521 952 seriae,
560 883 597 935 nt
620 861 762 934 Cerialia
784 887 805 932 a
829 859 966 942 Cerere,
1004 861 1139 933 Vinalia
1163 860 1286 934 ovino.

188 969 302 1040 56Hic
326 968 396 1040 dies
418 971 524 1056 lovis,
551 998 620 1042 non
642 969 801 1042 Veneris:
832 968 929 1038 huius
951 966 998 1036 rei
1022 991 1099 1036 cura
1121 991 1191 1036 non
1212 965 1287 1036 levis

236 1073 273 1144 in
302 1073 415 1162 haiim
452 1101 531 1146 nam
553 1076 678 1172 aliquot
698 1074 781 1145 locis
806 1072 990 1142 vindemiae
1012 1072 1152 1166 primum
1176 1075 1218 1144 ab
1243 1097 1288 1142 so·

238 1179 422 1250 cerdotibus
446 1181 572 1277 publice
596 1182 735 1268 fiebant,
757 1195 793 1248 nt
813 1178 943 1248 Romae
967 1177 1064 1246 etiam
1086 1203 1190 1264 nunc3
1217 1203 1289 1247 nam

238 1283 360 1355 flamen
389 1282 496 1356 Dialis
526 1286 714 1382 auspicatur
735 1283 933 1357 vindemiam
956 1298 988 1352 et
1010 1297 1046 1351 ut
1066 1283 1163 1352 iussit
1184 1283 1289 1354 vinum

238 1388 360 1484 legere,
381 1414 468 1484 agna
484 1389 554 1460 lovi
571 1389 657 1475 iacit,
678 1390 762 1460 inter
780 1387 898 1488 quoius
918 1403 991 1458 cata
1015 1411 1113 1458 caesa
1135 1404 1168 1460 et
1185 1414 1288 1486 porre-

239 1627 378 1722 Romani]
397 1641 492 1704 Roma
511 1643 605 1706 Hem.

239 1771 346 1855 sordis]
356 1777 480 1854 sordee'e
499 1775 616 1858 Vulgat.

240 1927 278 1970 eo
297 1903 362 1992 dic]
381 1901 513 1972 Floreat.
532 1908 625 1970 Hero.
645 1941 685 1954 -—
704 1931 741 1968 ea
763 1908 812 1968 die
832 1906 930 1968 ceteri.

240 2037 447 2126 praegnantes]
463 2055 646 2123 praegnates
665 2041 757 2102 Havn.

242 2168 423 2257 complures]
443 2175 616 2250 complureis
634 2173 753 2256 vulgat.
848 2237 853 2248 ,

242 2301 349 2385 sordis]
360 2307 485 2386 sardeis
504 2303 576 2367 Cod.
599 2305 632 2366 B.
653 2305 770 2390 vulgat.

242 2437 406 2518 caedendis]
426 2441 599 2500 caedendeis
617 2437 734 2524 vulgat.

243 2559 271 2622 ei
291 2558 393 2640 feriae]
427 2560 540 2622 Victor.
561 2561 679 2644 Sciopp.
700 2595 740 2610 —
773 2577 802 2625 ee
812 2565 918 2642 seriae
937 2561 1068 2624 Florem„
1089 2564 1186 2626 Havn.
1206 2598 1246 2613 —
1271 2579 1295 2624 et

273 2642 380 2720 seriae
399 2641 429 2702 ei
447 2643 520 2702 deae
530 2645 612 2722 fiunt
634 2642 734 2705 ceteri.

242 2767 293 2854 nt]
315 2793 373 2834 om.
392 2772 486 2834 Hero.

243 2885 375 2969 cerialia]
401 2888 532 2950 Floreat.
553 2890 652 2950 Verte.
675 2889 793 2972 Sciopp.
813 2921 854 2938 -—
873 2893 1003 2952 cerealia
1024 2891 1124 2954 ceteri.

242 2997 373 3084 veneris]
394 3005 467 3064 reris
485 3004 580 3064 Haeo.

243 3112 330 3197 locis]
351 3118 440 3178 loccis
459 3117 577 3202 vulgat.

244 3230 280 3292 ab
300 3229 513 3315 sacerdotibus]
534 3233 665 3295 Florent.
687 3235 780 3295 Havn.
800 3269 839 3281 -
860 3259 880 3295 a
899 3237 1101 3296 sacerdotibus
1120 3237 1228 3296 ceteri.

245 3365 317 3429 agna
356 3345 486 3409 Floreat.
506 3349 600 3410 Havn.
621 3349 679 3409 vul
701 3394 710 3409 .
730 3351 828 3411 Verte.
850 3349 917 3410 Scio
939 3373 968 3431 p.
988 3385 1027 3394 -—
1046 3373 1161 3429 agrem
1185 3352 1262 3414 Coa
1272 3327 1310 3410 1ss

286 3340 364 3486 Edie
384 3425 475 3507 princ.
496 3439 553 3490 vet
573 3427 662 3490 Rhoe
711 3450 757 3490 en.
778 3431 801 3490 Ι.
821 3431 858 3490 11.
878 3373 945 3490 Ali.
965 3431 1028 3490 Bas.
1048 3431 1113 3489 Par.
1134 3429 1260 3515 Gryph.

245 3553 368 3642 quoius]
388 3559 480 3622 Hevn.
500 3593 540 3606 -
560 3563 641 3624 cuius
660 3562 757 3624 ceteri.

244 3668 325 3750 exta]
345 3687 431 3734 aecta
450 3675 542 3738 Havn.

245 3783 398 3870 porcessa]
434 3787 508 3850 Cod.
530 3790 563 3851 B.
590 3791 678 3932 vulff.
699 3792 799 3854 Verte.
821 3793 938 3874 Sciopp.
957 3825 998 3840 ·—
1018 3791 1054 3853 cf.
1075 3793 1193 3854 Erasm.
1216 3793 1310 3878 Adag„

284 3867 315 3940 Ι,
334 3868 368 3942 3,
388 3869 436 3929 60.
464 3871 577 3931 Victor.
596 3873 631 3931 ad
671 3875 740 3947 ‚29
760 3873 796 3933 de
815 3873 852 3934 R.
872 3873 909 3932 li.
935 3907 975 3920 -
1004 3875 1141 3949 proiecta
1171 3875 1310 3935 Florene

284 3946 477 4086 gamBEdir.
497 3951 589 4031 princ.
610 3965 713 4014 vesosi.
734 3952 821 4014 Rhol.
841 3953 916 4015 Ven.
937 3954 958 4013 1.
981 3954 1016 4013 11.
1037 3951 1104 4015 ald.
1125 3954 1197 4016 Bas.
1220 3949 1310 4016 Paris

315 4048 369 4107 ryp
392 4072 400 4085 .
1309 4067 1310 4094 i
