2640 4670
231 277 295 343 lua
563 273 709 340 mm
729 271 958 352 QUINTUS.

232 451 323 554 qnod
351 449 403 523 laic
425 450 504 522 item
527 466 560 522 et
580 449 776 523 noctnlncus
796 449 833 522 in
855 451 1006 526 custodia
1028 468 1062 524 et
1081 452 1116 524 iu
1137 453 1293 526 venando

233 561 364 656 rignum
384 555 561 642 recedat,
585 555 688 628 Canis
712 557 830 628 dictus.

159 661 217 720 ’--
321 673 377 739 20.
425 661 586 733 Feramm
613 661 774 734 vocabula
801 662 880 733 item
908 662 1026 760 partim
1050 662 1224 759 peregrina
1255 681 1294 736 ut

233 759 419 853 Panthera,
451 763 540 852 Lo03
574 783 713 863 utraque
736 765 885 854 Graeca,
912 790 934 838 a
956 794 1023 864 quo
1047 769 1146 839 etiam
1169 785 1201 839 et
1222 787 1293 841 rete

234 873 403 969 quoddam
431 870 580 942 Panther
603 879 653 960 [et
673 871 826 962 Leaena]
835 897 852 961 ;7
884 888 917 943 et
938 871 1125 943 muliercula
1143 873 1294 944 Panthe-

233 979 278 1050 ris
301 996 335 1049 et
356 977 503 1048 Leaena.
548 976 660 1071 Tigris
684 977 741 1074 qui
764 993 815 1046 est
835 993 872 1046 ut
893 977 946 1052 leo
969 978 1092 1063 varius,
1121 977 1178 1073 qni
1199 980 1295 1052 vivus

235 1081 310 1180 capi
339 1081 447 1154 adhue
477 1107 547 1152 non
569 1083 692 1178 potuit,
729 1083 924 1153 vocabulum
947 1107 966 1150 e
988 1081 1100 1175 lingua
1120 1083 1294 1170 Armenia3

233 1209 313 1258 nam
339 1187 385 1258 ibi
416 1202 449 1256 et
479 1187 598 1281 sagitta
628 1201 660 1257 et
682 1187 773 1282 quod
795 1185 1132 1272 vehementissimum,
1170 1188 1293 1260 flumen

236 1291 354 1362 dicitnr
376 1290 504 1386 Tigris.
548 1290 628 1361 Ursi
649 1290 788 1362 Lucana
812 1292 904 1386 origo
928 1289 979 1360 vel
1001 1289 1090 1360 unde
1112 1289 1167 1378 illi,
1188 1295 1294 1364 nostri

235 1395 278 1466 ab
305 1397 409 1493 ipsius
437 1423 531 1468 voce.
592 1394 748 1468 Camelus
772 1421 834 1466 sno
856 1395 991 1486 nomine
1013 1392 1147 1489 Syriaco
1169 1397 1204 1466 in
1227 1398 1293 1468 La·

235 1501 317 1573 tium
337 1501 441 1588 venit,
469 1518 506 1572 ut
527 1501 735 1572 Alexandrea
758 1498 1039 1598 Camelopardalis
1062 1525 1168 1596 nuper
1187 1503 1292 1572 addu-

236 1718 315 1798 qnod
335 1715 398 1798 hie]
439 1721 501 1780 aad
518 1719 587 1781 hinc
605 1718 699 1780 Havn.
1156 1785 1159 1790 ,

234 1741 437 1880 noctulurus]
458 1798 590 1860 Florent.
611 1798 704 1858 Turn.
724 1795 789 1860 cod.
807 1828 849 1843 -
873 1797 1037 1858 nocticulus
1056 1795 1129 1860 Cod.
1149 1797 1184 1860 Β.
1203 1799 1292 1884 Vulg.

274 1875 411 1938 Vertran.
431 1909 472 1923 -
490 1879 660 1939 noctuculus
679 1877 772 1941 llavn
792 1875 870 1937 Edit
891 1875 984 1957 princ.
1002 1889 1060 1937 vet.
1080 1876 1168 1938 Rbol
1187 1879 1294 1940 Venet.

275 1957 298 2015 1.
323 1957 360 2017 ll.
390 1957 458 2018 Ald.
483 1957 547 2017 Bas.
575 1956 663 2016 Paris.
691 1955 805 2038 Gryph.
838 1955 956 2037 Sciopp.
986 1987 1027 2002 ·-
1060 1958 1103 2016 al.
1128 1961 1295 2019 nactacalus

277 2035 395 2118 Sciopp.
419 2057 510 2132 marg.
539 2067 582 2082 -
615 2037 781 2098 m'ctaculus
805 2033 853 2096 vel
881 2029 1058 2117 noctulugns
1083 2033 1223 2120 Scaliger.
1253 2070 1294 2085 -

275 2113 359 2185 Fort.
380 2117 589 2196 noctavrgalus.

235 2203 268 2258 el
285 2193 318 2254 in
336 2188 486 2274 venando]
522 2195 653 2256 Floreat.
672 2193 766 2255 Havn.
788 2191 868 2253 Edit.
888 2192 981 2274 princ.
1000 2205 1105 2254 retust.
1124 2191 1213 2254 lllrol
1235 2195 1296 2255 Ve-

242 2282 247 2292 ’
276 2284 336 2334 net
357 2273 381 2333 l.
402 2274 439 2332 ll.
458 2272 526 2338 ald.
546 2274 609 2334 Bas.
627 2273 718 2335 Paris.
741 2271 856 2355 Gryph.
875 2303 916 2318 -··
941 2287 971 2334 et
990 2276 1117 2335 venando
1139 2269 1241 2336 Codex
1261 2275 1296 2335 B.

275 2349 364 2437 Vulg.
384 2351 522 2414 Vertran.
543 2353 662 2435 Sciopp.

649 2483 758 2567 Cap.
820 2484 888 2544 XX.

235 2581 392 2669 panthera]
409 2599 541 2662 partera
560 2585 638 2650 Edit.
659 2587 751 2668 princ.
770 2598 890 2662 vetust.;
910 2585 950 2648 ita
970 2598 1000 2650 et
1020 2583 1094 2648 iulra
1110 2585 1255 2663 panteria

237 2677 268 2728 et
287 2677 351 2726 rete
371 2664 530 2746 quoddam]
557 2688 614 2729 om.
635 2666 711 2730 cod.
730 2667 766 2728 B.
785 2699 826 2714 —
846 2670 878 2727 in
897 2681 961 2727 rete
981 2670 1109 2745 qaedam
1127 2665 1183 2727 Ed.
1203 2667 1297 2749 priua

235 2756 381 2906 paiilii]
392 2825 542 2900 panthera
562 2825 714 2888 Salmasius
733 2824 769 2887 ad
788 2824 901 2888 Polluc.
923 2825 951 2900 l,
970 2827 1006 2902 9,
1027 2826 1074 2888 71.

237 2915 268 2965 et
287 2900 471 3000 muliercula]
491 2908 669 2968 mliercula
689 2921 718 2968 et
737 2905 902 2989 Sciopp.—
926 2926 984 2968 om.
1006 2925 1071 2966 cum
1090 2925 1149 2987 seq.
1167 2904 1299 2982 panthe-

235 2985 434 3144 parilsheiiivdl
453 3061 565 3142 leaena]
600 3065 681 3126 Flor.
700 3097 741 3112 -
770 3066 930 3142 pantheris
949 3063 1039 3125 ceteri
1059 3078 1175 3136 omnesr
1197 3063 1301 3145 priora

276 3155 306 3202 et
325 3144 432 3203 leaena
453 3145 576 3224 quaein
595 3145 731 3206 omnibus
750 3157 863 3206 exstant
882 3143 973 3221 libris,
993 3161 1046 3205 nos
1066 3142 1242 3218 inclusimus,
1264 3157 1318 3208 ut¹

276 3221 413 3283 addititia.
438 3255 479 3270 -
512 3223 631 3286 Servius
656 3225 690 3286 ad
715 3226 799 3308 Virg.
827 3224 930 3308 Eclog.
958 3225 1001 3300 11,
1025 3225 1064 3285 63
1096 3221 1215 3284 LEAM
1231 3246 1301 3282 erro

276 3301 413 3362 VARRO
432 3303 492 3362 Al)
512 3303 761 3366 CICERONEM.
781 3306 840 3364 111.
866 3308 942 3364 sicut
963 3319 1045 3365 nocet
1063 3301 1301 3364 PANTHERA

277 3393 307 3442 et
325 3379 408 3440 LEA
426 3381 511 3444 alium
532 3384 669 3468 intelligit
688 3384 786 3444 locum
807 3383 874 3444 libri
894 3384 929 3444 ad
950 3383 1139 3466 Septumium.

235 3456 348 3542 varius]
375 3461 456 3522 Flor.
477 3463 566 3548 Vulg.
586 3463 687 3524 Verte.
708 3463 829 3546 Sciopp.
848 3497 889 3511 -
910 3485 968 3524 orn.
988 3462 1078 3524 ceteri
1098 3483 1164 3522 cum
1183 3459 1281 3522 Havn.

235 3536 391 3633 Armenia]
410 3541 541 3604 Ameria
561 3543 636 3606 cod.
656 3545 692 3606 B.

236 3630 339 3760 tet
371 3623 502 3763 titt
519 3624 709 3768 lllss‘l‘·
731 3635 837 3686 ”m

236 3773 432 3863 Alexandrea]
467 3783 547 3845 Flor.
567 3785 662 3845 Havn.
686 3781 822 3845 Politian.
843 3780 964 3844 Miscell.
984 3803 1045 3862 cap.
1066 3781 1095 3842 3.
1116 3778 1235 3861 Sciopp.
1259 3813 1305 3828 -

277 3861 316 3919 ab
335 3859 534 3925 Alexandrea
555 3862 630 3927 cod.
650 3865 686 3922 Β.
705 3895 747 3908 -
765 3863 961 3924 Alexandria
982 3859 1081 3921 ceteri.

236 3935 357 4000 adducta
410 3942 535 4003 advecta
565 3943 662 4004 nescio
688 3943 765 4002 unde
791 3935 906 4004 laudaut
934 3941 1073 4025 Scaliger.
1098 3938 1230 4001 lambio.
1266 3939 1318 4001 ad

276 4017 349 4080 llor.
397 4018 463 4102 pist.
484 4025 527 4103 ll,
548 4025 584 4100 1,
604 4041 669 4107 pag.
687 4024 748 4086 317
769 4023 801 4084 F.
1084 4021 1088 4032 ’
