2736 4676
250 370 350 418 xxrrr
614 339 823 408 PRAEFA
835 337 926 410 ’110

680 443 695 488 i

251 526 392 612 stituta,
420 534 587 614 quaeque
609 515 673 588 iini
690 511 892 586 adhaerent
915 531 1056 611 peueae
1077 507 1310 585 emendatio·

252 675 343 729 num
366 649 565 750 plagellae,
597 645 760 738 optimae
790 653 876 719 tunt
904 653 1031 734 notae;
1061 644 1102 716 in
1123 641 1181 714 his
1204 643 1311 714 enim

253 793 427 876 corrupta
450 777 610 854 ostendit
631 777 723 865 1333,
738 787 776 848 et
796 773 954 848 sanandi
976 776 1080 850 viam
1092 771 1223 845 docere
1245 795 1310 844 33-

255 926 374 990 natur.
422 909 581 1006 Margini
595 926 741 1000 quoque
759 904 924 980 adiectae
940 916 977 978 et
991 905 1167 978 librorum
1180 904 1312 976 lectio-

254 1069 332 1137 nes,
351 1055 389 1117 et
411 1060 507 1135 quae
528 1039 576 1114 ab
597 1039 655 1113 his
670 1037 898 1114 semicirculo
913 1047 1064 1111 notatae
1078 1035 1313 1134 distingurm-

254 1188 326 1266 tur‚
347 1175 590 1269 conjecturae.

354 1305 519 1380 Textum
550 1300 660 1376 huius
687 1301 919 1380 ,recensionis
958 1297 1150 1404 diligenter
1180 1297 1312 1388 expri-

255 1437 434 1514 mendum
459 1435 603 1510 curarit
630 1431 744 1508 Henr.
767 1431 988 1524 Stephanus,
1020 1451 1130 1524 quem
1151 1428 1313 1520 Dionys.

256 1558 516 1656 Gothoiredus‚
530 1565 682 1665 Popma,
701 1561 834 1638 Editor
844 1563 1060 1662 Bipontinus
1078 1561 1192 1638 secuti
1210 1571 1313 1633 sunt

442 1844 604 1920 Editio
631 1843 683 1919 M.
708 1845 952 1918 Vertrenii
978 1841 1125 1917 Mauri

353 1989 525 2087 Lugduni
547 1988 647 2089 apud
668 1981 824 2088 Gryphii
844 1983 1022 2063 haeredes
1048 1989 1151 2063 1563.
1173 1989 1207 2058 8.

355 2177 426 2254 Hic
455 2196 601 2273 quoque
621 2177 867 2274 Augustinum
893 2182 1110 2281 plerumque
1135 2173 1316 2267 sequitur,

258 2308 312 2384 ita
334 2321 459 2384 tamen
484 2320 525 2383 ut
549 2321 586 2383 et
607 2309 810 2385 editionum
826 2313 990 2410 priorum
1014 2311 1206 2384 lectionem
1229 2329 1317 2380 sae-

259 2442 342 2542 pius
367 2453 568 2532 revocaret,
594 2464 663 2515 neo
683 2465 768 2516 raro
791 2445 870 2541 ipse
884 2445 1042 2518 auctoris
1056 2441 1172 2519 verba
1186 2461 1317 2511 emen-

196 2569 198 2572 ’
260 2572 378 2648 daret.
438 2571 628 2646 scribendi
661 2567 756 2648 ratio
787 2563 992 2670 Augustino
1030 2572 1133 2648 iliata
1162 2569 1318 2658 3333313,

260 2715 381 2803 queem,
409 2705 604 2796 roeaodes',
632 2703 722 2796 heo,
733 2706 907 2806 populerit
931 2709 1076 2804 aliaque
1100 2701 1199 2797 apud
1219 2703 1317 2775 Ver-

259 2837 423 2910 trsnium
451 2837 592 2910 exulat
643 2833 834 2925 Quaedam
864 2857 955 2914 vera
985 2841 1192 2911 coniectura
1217 2833 1320 2907 divi·

263 2970 369 3044 navit
402 2991 469 3042 nec
498 2981 610 3043 notae
641 2972 720 3045 eius
746 2969 916 3044 indoctae
949 2967 1060 3065 (conf.
1084 2969 1240 3042 Brisson.
1265 2963 1322 3037 de

256 3101 336 3172 'ritu
367 3113 470 3192 nupt.
499 3121 583 3200 pag.
606 3109 677 3175 323
706 3098 831 3198 Trek.)
860 3113 897 3176 et
927 3102 1054 3194 quales
1086 3099 1133 3173 ab
1163 3097 1321 3170 homine

265 3232 328 3321 qui
349 3230 533 3305 codicibus
556 3233 750 3308 destitutus
775 3245 865 3324 erat,
885 3235 926 3306 in
944 3233 1001 3306 his
1015 3232 1190 3306 Varronis
1212 3228 1322 3304 libris

266 3371 485 3452 exspectare
508 3365 644 3457 possis3
672 3363 770 3457 quod
797 3366 895 3438 enim
923 3389 1005 3462 pag.
1033 3361 1100 3439 175
1134 3359 1245 3434 tradit
1275 3383 1325 3434 se

256 3501 376 3563 soros
402 3489 620 3564 florentiae
653 3506 695 3566 ot
712 3495 858 3570 Romae
886 3496 1093 3590 Pondfies'r's
1122 3493 1223 3567 1113313
1253 3515 1324 3565 33-

267 3623 407 3696 13331333
428 3623 575 3696 collaris
599 3648 791 3716 33333333,
814 3629 885 3702 nisi
897 3597 1060 3703 ¹fortasse
1081 3647 1239 3699 excusos
1259 3625 1325 3698 in-

267 3754 416 3848 telligit,
446 3777 591 3829 merum
622 3768 679 3832 est
701 3758 951 3850 mendacium3
979 3783 1067 3833 narn
1089 3769 1235 3858 praeter
1265 3759 1325 3830 ie·

256 3873 406 3958 'odones
435 3885 639 3984 Augustino
670 3887 807 3981 editas,
842 3911 937 3983 quoe
963 3893 1003 3964 in
1026 3890 1211 3965 Vertranii
1240 3869 1324 3963 ediss

268 4016 369 4088 tione
392 4018 553 4108 primum
575 4031 763 4118 appareat,
784 4043 832 4096 ne
852 4041 966 4096 unam
983 4021 1132 4115 quidem
1150 4023 1325 4096 invenies

268 4147 367 4220 etin
388 4146 463 4221 illis
485 4147 632 4225 utendis
652 4153 746 4226 mire
769 4153 895 4254 lapsus
916 4167 983 4231 est
1033 4151 1137 4245 Quae
1157 4151 1209 4226 ibi
1231 4176 1324 4227 eon·
