2628 4672
376 301 520 365 LIBER
547 301 741 366 SEXTUS.
1027 299 1087 364 tto

79 479 210 554 Vicibus
232 491 306 550 tum
328 478 490 572 atttr'quus.

38 583 88 654 Sic
109 585 331 679 Triumpbare
354 582 553 678 appellatum
577 583 665 678 quod
690 611 766 654 cum
785 587 981 680 imperatore
1003 581 1085 652 mili-

38 707 83 758 tes
104 691 279 760 redeuntes
301 687 470 757 clamitant
516 713 551 754 er
573 689 687 758 urbem
708 689 743 759 in
755 688 956 784 Capitolium
979 688 1085 757 eunti:

37 791 75 858 Io
94 790 272 878 ίηίαηρΙιες
303 787 338 857 id
362 811 381 854 a
404 713 589 890 &otdussot
613 813 652 856 ac
676 785 804 857 Graeco
827 786 939 856 Liberi
962 813 1086 882 cogno

37 911 139 962 mento
162 909 274 988 potest
296 891 429 961 dictum.
484 890 656 988 Spondere
681 909 732 962 est
754 893 873 962 dicere.
925 889 1085 989 Spondeo

37 1023 53 1068 a
76 1014 205 1093 sponre;
246 1019 323 1068 nam
344 996 379 1064 id
402 995 489 1066 valet
510 1013 544 1068 et
565 1022 585 1066 a
607 997 787 1068 voluntate.
845 998 959 1094 ltaque
982 1012 1084 1067 uuor·

36 1117 112 1174 uos
133 1101 246 1172 scribit
267 1100 308 1172 de
332 1098 452 1171 Crotea

326 1231 402 1278 cum
421 1209 471 1278 ad
488 1229 526 1278 se
546 1207 688 1278 cubitum
710 1207 839 1292 veneni,

69 1441 184 1502 Bocche
205 1437 281 1520 Quis
298 1439 366 1502 Ald.
386 1439 472 1510 Besil.
491 1441 581 1504 Paris.
601 1439 716 1524 Grypb.
741 1475 782 1488 —
812 1441 966 1518 Aptissius
984 1439 1032 1502 aii
1052 1441 1084 1502 in

69 1522 200 1582 Bacche.-
227 1519 301 1601 Quis
328 1522 403 1583 Cod.
424 1525 459 1582 B.
480 1522 569 1605 Vulg.
589 1522 690 1582 Vertr.
710 1543 745 1582 ex
766 1543 824 1602 quo
846 1521 987 1604 Scaliger:
1013 1535 1086 1597 apte

69 1600 128 1678 (vel
152 1598 271 1679 aperte)
296 1600 398 1662 Attius
423 1604 470 1661 uit
496 1605 527 1660 in
551 1602 680 1661 Bacchis
701 1600 775 1681 Quis
794 1601 945 1664 emendare
965 1613 1085 1662 conatus

70 1693 125 1748 esu
149 1679 200 1740 sed
220 1693 320 1761 postea
340 1680 472 1742 Tumebi
493 1680 608 1742 Codicis
629 1681 753 1742 lectione
773 1681 894 1762 probatu
914 1680 1084 1740 sententiam

70 1781 144 1820 suam
168 1761 298 1818 mutavit.
355 1761 402 1820 Au
428 1762 504 1820 Fest.
529 1781 593 1842 pag.
615 1761 674 1820 195
694 1781 716 1819 s.
736 1783 764 1820 v.
785 1759 904 1820 iubilare
924 1781 959 1820 ex
979 1771 1082 1819 nostro

71 1838 133 1898 loeo
154 1839 286 1978 Scaliger
305 1839 414 1900 laudet:
447 1841 550 1899 Attius
572 1843 602 1898 in
624 1839 802 1920 Chrysippo,
822 1840 892 1900 item
912 1853 982 1898 aius
1001 1839 1082 1898 anti·

70 1941 154 1994 quus,
176 1919 226 1998 qui
248 1941 282 1979 us
301 1919 440 1980 calculum
461 1941 547 1979 suum
564 1918 641 1978 addit
661 1919 773 1978 Dacier'.

37 2019 134 2082 ticinus
154 2043 225 2081 arus
245 2019 395 2104 antiquus]
418 2023 535 2104 Sciopp.
555 2055 596 2067 -
623 2023 729 2082 vicinus
748 2020 826 2080 Alos
845 2021 985 2097 antiquus
1004 2017 1084 2080 Tur-

69 2102 131 2160 uebi
156 2114 241 2161 vetus
267 2099 377 2162 Codex.
405 2134 445 2147 -
479 2103 588 2162 vicinus
613 2115 681 2160 tuus
701 2103 843 2178 anitolius
867 2119 967 2161 omues
988 2099 1083 2161 nostri

68 2180 137 2242 libri.
959 2231 962 2239 .

36 2283 59 2342 io
71 2279 233 2424 triumgbe}
252 2283 332 2377 Edjt.
353 2283 445 2366 princ.
465 2295 521 2379 vet:
541 2283 629 2344 Rbol.
649 2283 724 2344 Ven-
744 2282 767 2341 Ι.
788 2283 825 2344 ll.
844 2279 912 2379 Ald-
932 2283 996 2344 Bas.
1016 2281 1082 2348 Par.

68 2365 148 2446 (πῃ)
172 2409 180 2423 .
236 2385 281 2424 cro
303 2387 331 2444 p.
363 2396 404 2409 -
435 2388 450 2424 o
478 2365 624 2440 trurmphe
648 2365 672 2423 F
674 2361 782 2426 lorent.
806 2395 846 2408 -··
880 2385 908 2422 zo
934 2363 1082 2440 triumplu

67 2445 94 2502 io
114 2443 189 2505 cod.
207 2444 242 2503 B.
293 2444 380 2526 ulgot,
400 2443 534 2504 Vertran.

33 2553 71 2634 id]
104 2556 236 2618 Floreat.
261 2557 339 2618 Edit.
364 2539 456 2640 priuc.⁴
483 2568 586 2620 vetust.
612 2555 756 2616 Rboland.
783 2555 888 2616 Venet.
908 2555 930 2616 l.
951 2556 988 2614 ll.
1012 2553 1080 2616 Md

68 2639 127 2697 Bes,
148 2637 212 2698 Por.
236 2636 351 2719 Grypb.
372 2640 521 2714 -idque
541 2635 641 2697 Codex
662 2637 696 2695 B.
717 2635 807 2719 Vulg.
826 2636 925 2696 Vertr.
947 2635 1066 2716 Sciopp.
1185 2651 1191 2662 ·

31 2749 335 2892 θςὶᾙαιεζνίἵωῧο
356 2751 487 2813 Florent.
500 2783 541 2796 -—
561 2753 688 2812 triamuo
709 2751 786 2810 Edit.
808 2750 899 2832 princ.
920 2763 978 2811 vel.
998 2748 1082 2810 Rbo-

30 2965 57 3004 ae
75 2942 199 3028 graeco]
220 2946 353 3008 Florent.
373 2979 413 2992 -
434 2969 470 3006 ac
489 2944 594 3026 reliqui
614 2967 711 3007 omues
733 2943 880 3005 omittunt.

30 3045 121 3110 Liberi
142 3045 359 3134 cognomento]
379 3049 460 3108 Flor.
480 3082 521 3095 —
539 3049 641 3109 Liberi
655 3051 755 3124 patris
776 3059 960 3128 cognomento
982 3041 1080 3106 ceteri.

31 3166 119 3231 potest
140 3147 267 3232 dicturo]
302 3153 432 3214 Florent.
453 3152 570 3233 Sciopp.
592 3184 633 3196 -
649 3167 746 3226 potest
767 3154 878 3210 dictum
898 3173 957 3208 esse
975 3147 1080 3227 reliqui

64 3255 173 3294 omues.
198 3267 238 3276 -
268 3247 365 3308 potest
392 3235 509 3294 ductum
534 3253 594 3292 esse
618 3231 773 3291 Lambinus
799 3230 834 3290 ad
859 3231 963 3290 Horat.
984 3227 1080 3290 Carm-

61 3315 117 3390 ιν,
138 3316 176 3388 2,
196 3331 261 3394 pag.
282 3313 349 3372 217.

28 3425 96 3488 volet
119 3439 151 3488 et
178 3448 194 3486 a
218 3422 386 3508 voluntate]
420 3424 551 3485 Floreut.
579 3424 696 3508 Vulget.
722 3425 858 3484 Vertran.
885 3456 926 3469 —
960 3422 1037 3483 volet
1057 3445 1078 3482 a

62 3510 214 3567 voluntate
238 3503 311 3566 cod.
332 3507 367 3566 Β.
394 3505 470 3564 Edit.
491 3506 583 3586 princ.
603 3517 708 3566 vetust.
725 3503 816 3564 Rbol.
835 3537 875 3550 -·
911 3505 1009 3561 valeat
1032 3525 1077 3563 vo-

61 3591 182 3646 luntate
206 3583 311 3644 venet
331 3587 355 3644 l.
375 3587 410 3645 ll.
437 3615 478 3630 —
512 3587 590 3646 volet
617 3588 765 3646 voluntale
790 3581 857 3643 Ald.
884 3581 969 3643 basil.
989 3583 1077 3642 Parit.

60 3665 189 3748 Grypb:
200 3663 320 3746 Seiopp.

28 3777 120 3854 litque
141 3775 290 3861 Lucilius]
325 3777 455 3838 Floreat.
475 3810 516 3824 -
550 3779 620 3838 Ideo
640 3777 773 3838 Lucilius
793 3775 937 3838 Rboland.
957 3775 1032 3836 Ven·
1054 3777 1076 3835 I.

61 3861 94 3918 ll.
115 3857 188 3919 illd.
207 3859 270 3918 Bas.
289 3858 354 3918 Par.
374 3855 490 3938 Grypb.
510 3857 597 3942 Vulg.
617 3859 717 3918 Vertr.
738 3858 856 3940 Seiopp.
869 3891 909 3904 -
929 3857 1000 3917 Ideo
1019 3855 1077 3916 Lu·

60 3942 120 3998 cius
140 3937 217 4001 cod.
238 3937 272 3998 B.
292 3937 370 3998 Edit
391 3937 483 4018 princ.
503 3949 562 3998 ret.

28 4049 147 4136 draca]
171 4051 279 4113 Gretm
298 4051 431 4114 Florent-
450 4083 490 4100 -
507 4050 618 4120 ‚cruca
637 4051 691 4114 Ed.
711 4051 803 4134 princ.
822 4061 928 4114 vetuit.
