2568 4686
244 307 307 372 m
576 305 719 371 LIBER
743 305 969 372 DECIMUS.

215 481 322 555 *ltere
344 481 495 570 nomina,
531 509 601 556 non
622 483 805 556 mulierum.
847 483 1009 558 Flemus
1030 509 1152 584 quoque
1171 483 1251 555 sirnl'e

143 677 146 695 ,
243 587 325 661 sudo
346 587 488 660 videnda
508 587 596 674 ideo,
618 589 708 686 qnod
730 587 796 660 alia
815 585 919 661 verba
938 587 1036 690 qnam
1056 593 1114 664 vim
1134 591 1250 668 habeant,

244 719 283 765 ex
304 693 383 790 ipsis
405 694 511 764 verbis
534 694 621 764 unde
645 693 864 781 declinantur,
899 713 1051 793 apparet,
1077 713 1110 766 nt
1132 694 1249 792 quernael

243 799 377 869 modum
402 814 551 894 oporteat
571 814 607 868 ut
628 823 649 868 a
670 798 826 886 Praetor,
849 799 994 886 Consul,
1016 801 1170 885 Praetori,
1188 799 1251 868 Con·

243 901 314 978 suli.
374 901 449 973 Alie
477 928 516 974 ex
543 903 682 972 transitu
702 903 935 1000 intelleguntur
955 921 994 975 ut
1014 905 1126 990 Socer,
1160 904 1249 980 llam,

244 1007 335 1104 qnotl
361 1007 496 1078 alterum
525 1007 561 1076 lit
582 1005 754 1092 Socerum,
791 1007 927 1080 alterum
950 1009 1112 1094 Macrum,
1150 1035 1247 1106 quorun

243 1129 417 1208 utrumque
444 1111 479 1180 in
504 1111 636 1208 reliquis
667 1137 688 1182 a
709 1113 848 1182 transitu
869 1139 964 1185 snam
986 1117 1071 1186 viam
1091 1115 1216 1212 sequitur
1229 1129 1249 1178 rt

242 1219 277 1290 in
300 1215 517 1310 singularibus
541 1233 574 1286 et
595 1215 630 1285 in
652 1215 865 1287 multitudinis
889 1217 1167 1289 declinationibus.
1201 1217 1248 1283 llic

242 1325 278 1393 lit
299 1321 392 1406 ideo,
429 1319 519 1416 quod
540 1337 727 1390 neutrarum
750 1347 872 1415 genera
893 1339 971 1394 sunt
993 1324 1075 1409 duo,
1101 1346 1180 1418 qnae
1197 1321 1249 1387 intr

243 1450 279 1496 se
310 1425 450 1496 conferri
478 1442 633 1522 possunt,
671 1453 774 1496 unum
801 1427 890 1522 quod
911 1454 972 1524 per
993 1455 1030 1498 se
1051 1428 1149 1498 videri
1167 1441 1249 1521 pote-‘t

240 1547 278 1601 ut
304 1529 416 1601 Homo
444 1546 478 1600 et
505 1529 639 1626 llqnuse
676 1530 814 1602 alterum
842 1531 913 1602 sine
934 1549 1105 1628 assumpta
1124 1531 1249 1626 aliquare

241 1635 439 1706 extrinsecos
467 1635 606 1731 perspici
633 1661 702 1706 non
729 1635 857 1731 possit,
893 1653 930 1707 ut
955 1637 1070 1736 Eques
1097 1653 1129 1706 st
1148 1635 1249 1730 Equisu

241 1756 380 1837 uterque
404 1739 491 1810 enim
514 1739 631 1809 dicitnr
652 1740 694 1810 ab
716 1765 821 1835 equor
858 1766 959 1838 quare
982 1741 1147 1813 bominem
1164 1737 1249 1810 leniri

174 1863 228 1921 lot
241 1843 380 1916 similem
411 1869 483 1916 esse
507 1858 653 1914 autnon
676 1867 766 1929 csse,
789 1845 817 1914 si
840 1846 1032 1933 contuleris,
1071 1874 1109 1918 ex
1129 1848 1198 1944 ipsis
1214 1846 1249 1912 lo

240 1949 320 2020 mini
350 1948 707 2020 animadversisscies.
766 1947 812 2020 At
840 1949 904 2021 duo
932 1953 1020 2022 iuter
1047 1977 1084 2022 se
1107 1950 1249 2022 similiteru

240 2053 308 2124 sint
333 2052 515 2150 longiores,
556 2079 654 2152 quam
682 2052 748 2124 sint
774 2080 888 2127 eorum
913 2055 1050 2148 fratres,
1087 2057 1187 2127 elicere
1208 2077 1249 2120 nor

238 2347 298 2390 non
317 2321 484 2405 mulierum]
506 2349 608 2387 norum
627 2327 782 2387 mulierum
800 2327 894 2389 Earn.

237 2403 381 2502 flexurae]
394 2409 528 2483 flexum
547 2405 623 2502 Etis.
634 2418 702 2466 Vvet.
721 2437 762 2452 ·-
772 2411 928 2485 flexueroe
945 2407 1043 2507 llam.

237 2483 770 2660 llxmiuplsilllllrllilslijlllrelilllllavn.
789 2597 829 2612 -··
848 2588 887 2624 ea·
906 2565 969 2625 heis
989 2567 1098 2625 verberi
1115 2563 1217 2648 Vulgat
1229 2589 1252 2602 -

276 2669 316 2708 ax
335 2645 383 2705 lsr's
403 2646 494 2705 vertas
512 2642 616 2723 reliqui
638 2641 708 2702 libri·
723 2663 830 2704 omnes.

236 2738 374 2824 apparet]
404 2739 487 2814 Pius,
506 2737 573 2799 Atd.
593 2737 679 2798 Basil.
697 2739 788 2799 Paris.
808 2737 921 2822 Gryph.
942 2738 1032 2838 vulp,
1052 2741 1152 2802 vem,
1171 2737 1252 2816 seqq

276 2853 318 2868 -
338 2820 495 2901 appellens
520 2818 574 2879 Ed.
594 2817 686 2900 princ.
706 2829 764 2879 vet.
784 2849 824 2865 -·
856 2821 1022 2896 appellaret
1044 2819 1176 2880 Flos-ent.
1192 2817 1251 2875 tter

276 2897 365 2961 tttot.
386 2899 461 2960 Ven.
481 2899 504 2958 l.
525 2897 562 2957 ll.
1067 2909 1069 2912 ·

257 2991 374 3078 raetos]
390 3007 495 3070 praeto
515 2992 607 3052 llavn.

236 3070 462 3160 intelleguntur]
495 3071 576 3132 Flor.
595 3071 690 3132 Earn.
709 3069 827 3156 Vulgat.
847 3071 981 3133 Vertsan.
1001 3071 1122 3158 Seiopp.
1142 3103 1180 3120 -
1197 3065 1252 3132 incl

274 3157 412 3237 ligantur
429 3151 543 3232 reliqui.

234 3247 327 3333 viam]
349 3250 405 3310 eim
423 3248 517 3309 Havn.
699 3267 701 3274 ’

234 3327 392 3412 assumpta]
413 3329 574 3404 adsumpta
593 3323 683 3408 Volg.
702 3324 802 3386 Vertr.
824 3324 912 3406 Seiop
934 3370 942 3384 .
962 3360 1002 3371 -
1022 3327 1158 3385 absume
1176 3323 1243 3382 tem

234 3430 323 3492 eques
343 3420 374 3469 ct
392 3402 509 3488 equiso]
539 3427 624 3482 eques
644 3419 673 3465 et
692 3406 788 3480 eqm’te
810 3403 897 3486 Vulg.
945 3417 1017 3466 ertr.
1037 3437 1080 3452 -
1098 3405 1137 3464 et.
1158 3399 1254 3476 vute

233 3483 376 3584 uterque]
398 3487 490 3546 Have.
509 3515 550 3532 ··-
568 3497 658 3560 utque
675 3481 756 3544 Flos.
774 3513 818 3530 -
834 3498 990 3561 urnamque
1008 3484 1109 3545 ceteri.

234 3563 396 3645 ltomtnem]
417 3565 564 3625 handum
583 3563 677 3624 llavn.
957 3569 960 3576 ‘

232 3642 370 3727 similem]
381 3645 489 3704 mtm'o
506 3643 600 3705 llavn.

234 3728 258 3792 si
277 3720 452 3804 contuleris]
470 3723 548 3782 sicut
566 3723 672 3782 tuleris
691 3719 768 3781 Edit.
787 3719 879 3803 princ.
898 3731 1006 3782 must,

234 3829 270 3878 eu
288 3800 374 3889 ipsis]
395 3826 434 3864 ex
454 3801 517 3862 laert
535 3802 623 3878 ι’ρειίε
642 3797 730 3884 Vulg.
742 3833 783 3848 -
802 3823 841 3860 ex
860 3800 908 3860 tis
925 3802 1001 3876 apsis
1020 3800 1122 3862 Versr.
1135 3831 1174 3846 -
1190 3799 1256 3858 αἱ»

272 3883 420 3949 adverset}
438 3879 526 3963 Vulg.

233 3994 263 4044 at
281 3977 356 4060 cluo]
376 3976 457 4038 Flos.
477 4007 519 4024 -··
535 3995 574 4034 ac
594 3977 651 4034 duo
672 3971 776 4054 reliqui
795 3993 903 4034 omnes.

233 4063 292 4126 nint
309 4053 430 4140 eorum]
449 4055 510 4116 sint
530 4055 642 4116 tearum
660 4052 737 4113 Edit
756 4053 847 4134 princ.
865 4063 924 4116 vet
