2734 4678
276 254 337 320 tut
621 254 767 320 LIBER
787 253 985 318 SEXTUS.

275 455 422 528 crepero.
481 431 521 506 ld
549 433 745 506 vocobulum
773 449 984 531 sumpserunt
1012 429 1207 516 statiuis,
1247 433 1340 504 unde

274 537 410 608 veniunt
439 533 600 633 Crepusci
625 538 785 610 nominati
811 537 999 632 Amiterno,
1040 537 1159 634 quiec
1184 551 1339 632 tempore

275 656 368 712 erant
395 641 480 726 nati,
519 657 557 711 ut
576 641 673 714 Lucii
694 643 798 738 prima
819 641 891 714 lnce
914 644 949 712 in
972 642 1146 713 creatione.
1206 641 1338 738 Crepu-

274 743 402 817 scnlum
424 745 586 840 signifieat
608 746 758 832 dubium
781 748 822 816 ab
847 772 886 816 eo
909 772 961 816 res
985 747 1090 817 dictae
1114 746 1239 818 dubiae
1259 747 1338 818 Cre·

272 874 392 946 perae,
428 849 519 946 quod
552 848 789 947 Crepusculum
817 851 888 920 dies
916 851 1102 924 etiamnunc
1129 852 1172 922 sit
1202 877 1251 922 an
1274 853 1338 922 iam

271 979 355 1040 nox,
397 955 510 1024 multis
548 954 697 1031 dubium..
752 953 828 1028 Nox
861 954 965 1052 quod,
1001 973 1248 1030 nicanorus
1286 961 1336 1044 ait,

273 1058 387 1132 omnia
408 1059 473 1129 nisi
494 1058 689 1131 interveniat
709 1059 771 1148 rol,
792 1061 910 1156 pruina
927 1061 1142 1156 obriguerint3
1165 1063 1263 1159 qnod
1279 1091 1335 1133 no

143 1173 147 1184 '
225 1177 341 1247 uacet,
369 1187 452 1248 nox,
481 1163 545 1234 nisi
567 1164 658 1262 quod
680 1161 809 1236 Graece
834 1149 898 1258 νύξ
918 1189 994 1236 uox.
1025 1162 1141 1256 Quom
1156 1164 1258 1236 stella
1272 1167 1334 1262 pri

273 1474 412 1620 orgeto]
433 1476 516 1544 rur.
535 1475 656 1540 coen.
676 1477 754 1541 aare
773 1453 865 1562 pane
886 1490 991 1541 veruo.
1012 1473 1101 1538 ιιιοι.
1121 1477 1212 1564 vulg.
1232 1479 1331 1542 veru.

337 1557 433 1641 ciopp.
453 1581 596 1635 -crepo
616 1558 690 1620 Ven.
711 1561 733 1620 1.
754 1560 790 1620 11.
810 1558 875 1619 Ald.
898 1559 961 1618 Bas.
983 1557 1047 1618 Par.
1061 1555 1176 1640 Grypit

274 1651 402 1734 Sabinis]
424 1655 543 1715 Saoinis
562 1653 692 1716 Florent.
711 1685 751 1702 -
771 1655 909 1716 Solineis
929 1648 1017 1737 Virlg.

271 1745 433 1831 amiterno]
459 1773 479 1810 a
499 1753 623 1810 mitemo
643 1751 738 1812 Have.

271 1841 340 1982 qui]
361 1844 491 1906 Florent.
513 1845 604 1906 Havn.
626 1842 716 1904 Rhol.
737 1843 841 1938 Venet.
861 1845 889 1938 l.⁸
897 1844 935 1903 11.
955 1841 1021 1902 Atd.
1042 1843 1105 1904 Bas.
1125 1844 1190 1905 Par.
1212 1843 1327 1926 Gryph.

341 1924 400 2007 ulg.
419 1958 460 1971 -
494 1927 577 2002 qnod
595 1922 669 1987 cod.
689 1924 724 1982 B.
745 1922 822 1984 Edit
844 1943 934 2005 princ.
957 1934 1061 1984 vetnst
1081 1923 1168 2008 Vulg.
1189 1925 1327 1985 Ver-tran.

311 2003 432 2085 Sciopp.

269 2095 383 2256 iiiiii,
390 2099 560 2238 Liiiini'lor.
581 2175 675 2238 Ham.

269 2255 301 2320 in
318 2253 480 2336 creatione]
502 2259 597 2317 creati
613 2257 799 2316 Verrem—
817 2255 912 2316 Reate
930 2254 1110 2340 Augustinus
1129 2254 1161 2317 in
1180 2279 1271 2342 marg.
1291 2279 1324 2318 ex

310 2333 395 2396 libro.
414 2367 455 2382 ·-
475 2337 506 2396 in
527 2337 660 2396 tentione
678 2337 772 2396 Havn.
792 2334 911 2416 Sciopp.

270 2430 363 2493 dietae
382 2425 504 2511 dubiae]
524 2430 655 2492 Florent.
674 2431 768 2492 Havn.
788 2463 829 2477 -
849 2433 958 2491 dubiae
977 2433 1075 2492 dictae
1094 2431 1194 2492 ceteri.

269 2514 356 2573 etiam
375 2507 470 2648 nunc]
501 2511 525 2569 F
527 2509 632 2572 lorent
651 2511 744 2572 Havn.
765 2510 843 2570 Edit
863 2511 955 2593 princ.
977 2522 1082 2571 vetent.
1102 2510 1191 2571 Rhol.
1219 2511 1322 2572 Venet.

309 2593 334 2652 1.
355 2592 392 2650 11.
412 2588 451 2649 ΑΙ
471 2633 479 2682 3
499 2589 563 2651 Bau.
582 2589 672 2650 Paris.
692 2588 808 2686 Gryph.
827 2623 868 2636 -
887 2591 980 2651 eliam
998 2613 1067 2650 num
1087 2589 1162 2652 cod.
1182 2589 1215 2651 R
1234 2591 1321 2676 Vulg.

308 2669 409 2731 Verte.
430 2669 550 2751 Scropp-
569 2701 610 2715 -
629 2670 712 2731 For-t
731 2693 793 2730 ram
812 2692 890 2730 nuuc

267 2762 381 2845 multis]
400 2766 521 2825 mleeie
538 2763 656 2849 Volgat.

267 2867 328 2908 nox
349 2844 429 2926 qood
448 2841 500 2984 ot]
520 2843 599 2906 Flor.
616 2845 709 2906 Ham.
729 2842 808 2905 Edit
828 2843 920 2926 princ·
940 2855 1045 2905 vetuit
1065 2841 1153 2905 ahot.
1174 2841 1238 2904 Ata
1258 2843 1319 2906 Bae

305 2923 620 3088 iiiiiiipifvm'
641 2926 664 2985 1.
677 2926 714 2986 11.
733 2944 836 2987 errore
857 2921 926 3012 quo)
946 2956 986 2969 —
1006 2949 1066 2985 nox
1086 2939 1119 2984 ut
1139 2923 1226 3008 Vug.
1246 2925 1319 2985 Ver-

268 3099 405 3180 Catulus]
429 3100 562 3162 Florent
582 3099 657 3163 cod.
677 3100 713 3160 B.
733 3099 811 3160 Edit.
851 3097 922 3161 rinc.
941 3107 1000 3160 vet
1019 3093 1107 3180 Vuig.
1126 3097 1262 3159 Vertran.
1279 3133 1319 3146 -

308 3180 449 3242 Catullus
473 3182 567 3243 Havn.
594 3178 682 3241 Rhol.
708 3121 857 3240 Veneti.
877 3180 913 3239 11.
934 3177 1001 3239 ΑΜ.
1026 3178 1089 3238 Bas.
1116 3177 1182 3238 Par.
1207 3177 1316 3262 Gryph.

308 3259 427 3343 Sciopp.
445 3258 601 3345 Augeutin.
620 3259 758 3342 margine.
778 3291 819 3306 -
837 3259 985 3320 Pacuvius
1004 3258 1143 3341 Scaliger.

268 3355 324 3430 ait,
357 3353 470 3494 omnia]
503 3355 749 3451 FlorentOHavn.
775 3353 853 3415 Edit.
873 3354 965 3450 princ.
985 3365 1089 3415 vetust.
1109 3352 1198 3450 Rnoi.
1215 3354 1317 3416 Venet.

307 3433 1316 3599 i¹12.inierit?&immitti⁰t'i't‘0'c‘l‘iit

307 3593 479 3658 seutentiam
504 3615 520 3654 a
546 3615 618 3657 voce
643 3594 719 3655 Nox
742 3614 833 3674 neque
852 3592 888 3653 ad
904 3615 1012 3675 graece
1032 3586 1078 3665 ιδξ
1098 3617 1160 3653 nox
1178 3593 1232 3654 hoc
1253 3593 1314 3654 loeo

306 3673 497 3814 desidleratum
523 3685 591 3756 post
609 3672 705 3735 Plauti
723 3693 895 3736 versum...
916 3672 1058 3755 vergiliae
1077 3673 1213 3734 occidunt
1229 3675 1314 3738 inser·

268 3767 452 4014 eissiaenei:
472 3847 549 3908 Edit
569 3847 662 3930 princ.
680 3859 787 3911 vetuit.

266 3953 326 3994 nox
365 3951 422 3990 om.
443 3927 561 4010 Sciopp.

267 4007 375 4096 quom]
394 4007 487 4072 flam
507 4041 547 4057 -
566 4029 631 4070 cum
649 4008 749 4072 ceteri.
