2722 4676
400 288 545 351 LIBER
564 287 788 365 QUINTUS.
1083 294 1122 358 lt

60 486 149 541 rectu
184 491 270 538 casn
299 491 398 564 quem
425 465 561 538 dicimus
591 467 703 564 Impus
732 466 902 540 obscurius
931 483 982 540 est
1004 459 1123 540 essee

59 571 226 670 putentia,
264 595 366 667 qnam
387 596 488 667 quom
510 572 648 642 dicimus
669 573 849 667 impotem
884 587 916 642 et
938 600 978 645 eo
1002 575 1120 644 obscn·
1164 563 1171 581 ’

60 680 122 749 u'ns
145 679 201 761 fic,
229 675 261 745 si
285 676 374 746 dicas
397 675 484 762 Pos,
515 703 617 774 quam
636 677 765 772 Impos;
799 675 927 746 videtur
949 679 1036 750 enim
1057 705 1120 776 pos

62 784 248 879 significare
278 781 389 876 potins
411 799 563 878 pontem,
602 807 702 878 quam
723 797 902 878 potentem.
960 781 1119 854 Vetustas

61 913 166 983 panca
187 912 263 956 nun
286 887 457 982 depravat,
485 889 588 958 multa
610 887 704 958 tollit.
748 885 861 976 Quem
881 914 1019 982 puerum
1040 889 1120 958 vidi·

65 995 102 1063 sti
122 994 329 1076 formosum,
351 991 439 1062 hunc
459 993 552 1064 vides
577 993 758 1064 deformem
779 993 814 1062 in
836 1009 979 1064 senecta.
1035 993 1119 1064 Ter·

65 1099 140 1168 tium
174 1095 326 1166 seculum
361 1123 431 1168 non
463 1097 553 1168 videt
586 1125 662 1169 cnm
691 1098 875 1178 hominem,
914 1123 1012 1194 quem
1040 1098 1121 1170 vidit

65 1205 216 1300 primum.
276 1200 391 1291 Quare
412 1199 469 1272 illa
491 1228 577 1301 quac
598 1204 665 1273 iam
687 1203 863 1274 maiouibus
892 1204 1014 1273 uostris
1042 1203 1119 1274 ade·

70 1491 130 1532 m
153 1467 263 1555 quem]
296 1471 428 1534 Flos-ent.
458 1471 537 1533 Edit.
569 1472 661 1555 princ.
691 1483 750 1536 vet.
781 1471 870 1534 Rhul.
901 1469 1007 1534 Venet.
1032 1473 1056 1532 1.
1081 1472 1119 1532 u.

191 1549 869 1716 ufueuuuuucuc
891 1585 932 1600 ··
1055 1575 1120 1613 n·

72 1721 176 1808 impos]
196 1727 230 1786 iu
249 1751 299 1788 ees
317 1727 413 1790 Ham·
765 1729 780 1748 ⁸

72 1815 144 1902 csse]
162 1841 224 1881 om.
244 1820 312 1883 Md.
332 1823 397 1884 Bas.
417 1823 483 1884 Par.
504 1822 620 1906 Gryph.

73 1912 168 1998 quam]
188 1935 250 1992 qua
270 1917 761 1982 llam.veuec1.11.uld.nu.
845 1961 849 1972 ·

73 2038 130 2078 cnm
148 2015 290 2102 dicimus]
322 2045 411 2100 quum
435 2024 558 2084 dutum
581 2022 670 2084 Paris.
692 2021 870 2084 Gothoired.
895 2055 936 2069 -
960 2043 1046 2101 quom
1071 2023 1118 2082 dt-

103 2101 191 2159 τίνω
216 2099 310 2160 Haun.
331 2101 419 2186 Vulg.

73 2197 223 2284 impotem]
234 2203 351 2288 vulgat.
356 2206 491 2268 Vertran.
505 2205 621 2290 Sciopp.
635 2238 676 2253 -
686 2207 873 2283 impotentem
882 2204 950 2267 libri
956 2225 1066 2268 omncs.

74 2301 215 2446 ohfflii
226 2303 298 2446 ¹1file]
332 2310 480 2370 obscun'uc
508 2313 549 2370 sic
579 2309 656 2370 Edit
686 2309 780 2392 princ.
812 2320 918 2370 vetust.
944 2307 1032 2370 nhot
1058 2308 1119 2370 Ve-

72 2506 120 2567 pcs
147 2484 252 2571 quam]
287 2487 388 2585 Codex·
418 2491 453 2553 B.
484 2489 601 2574 Gryph.
625 2491 744 2578 Vulgat.
769 2492 905 2554 Verum.
934 2491 1052 2574 Sciopp.
1076 2524 1117 2539 -

102 2583 258 2646 postquam
283 2581 398 2631 caetere.

72 2665 137 2752 pos]
150 2673 235 2748 potis
252 2671 348 2734 Eam.

70 2774 160 2852 potius
178 2771 321 2869 pontem]
344 2775 476 2838 Florent.
501 2777 594 2840 Havn.
618 2775 687 2839 ΑΜ.
711 2779 775 2840 Bas.
802 2779 868 2840 Par.
892 2777 1008 2871 Gry-h.
1028 2776 1117 2872 Vuig.

100 2853 208 2995 m
223 2855 540 2996 {camd-venatica}
551 2872 728 2997 dimam
754 2857 829 2920 cod.
856 2859 893 2918 B.
918 2859 945 2916 E
966 2869 997 2916 it.
1022 2877 1115 2938 princ.

67 3054 150 3112 panca
168 3032 251 3118 non]
279 3035 411 3098 Florcnt.
431 3037 505 3100 cod.
530 3039 564 3100 Β.
590 3039 685 3100 Havu.
712 3039 789 3119 (hicz
815 3061 915 3116 pecua
940 3035 1010 3116 nou)
1035 3036 1115 3099 Edit.

99 3136 195 3250 ime·
218 3127 323 3177 vetusc
343 3114 487 3178 uuonan.
513 3117 618 3180 Venct.
643 3119 809 3191 utente.
831 3119 895 3179 Bas.
914 3117 978 3178 Par.
998 3116 1114 3200 Gryph.

126 3207 239 3256 ertran.
265 3194 397 3256 Turneb.
423 3209 453 3257 et
478 3197 672 3281 Augustinus,
706 3199 756 3279 qni
783 3199 814 3257 in
840 3219 930 3282 marg.
959 3222 1015 3258 uon
1037 3221 1114 3274 pau-

97 3297 153 3348 ca‚·
186 3274 270 3356 qnod
299 3275 393 3356 ipsum
422 3275 453 3336 in
485 3289 568 3338 textu
599 3277 738 3359 Stephani
770 3299 805 3361 ex
836 3278 961 3362 August.
988 3277 1116 3339 editione

96 3353 242 3436 incpmso
278 3353 419 3436 scaligeri
448 3367 480 3416 nt
506 3357 621 3418 videtur
648 3378 734 3417 manu
765 3369 875 3435 exstat,
913 3358 1044 3418 codicum
1073 3357 1116 3418 le-

94 3433 257 3595 ffi'pgjepin
281 3435 441 3520 marginem
464 3435 580 3536 reiecta
605 3469 646 3482 -
670 3460 728 3498 nou
749 3459 850 3514 pauca
876 3459 941 3498 cnm
966 3435 1114 3521 Stephano

56 3612 217 3698 depravat]
239 3619 383 3693 deputent
402 3618 496 3680 Ham.
515 3651 555 3666 --
581 3623 744 3699 depravat
763 3619 843 3681 Edit.
863 3621 957 3702 princ.

56 3715 131 3782 hunc
150 3713 258 3802 vides]
278 3742 353 3780 nuuc
374 3723 453 3781 vides
472 3721 589 3806 vulgat
611 3723 692 3785 etin
711 3744 802 3808 marg.
822 3724 958 3786 Vettian.

53 3818 207 3904 seculum]
226 3824 377 3882 saeculum
395 3821 501 3885 Venet.
522 3825 544 3884 1.
565 3826 602 3884 11.
836 3901 841 3909 ῃ

51 3923 107 3986 hm
125 3919 310 4008 nniodbns]
329 3925 393 3985 iam
411 3949 432 3984 a
452 3928 614 3988 maioribus
631 3929 725 3992 Have.
746 3930 865 4014 Selopp.

51 4024 184 4112 nmis]
213 4029 340 4090 nostrat
357 4027 477 4113 Vulgat-
