2722 4676
237 263 263 330 '0
574 256 718 320 LIBER
738 256 965 334 QUINTUS.

243 465 280 509 eo
309 443 502 506 incenderunt
536 441 629 506 Galli
656 463 673 502 e
693 441 785 520 ferro
809 441 862 500 snb
891 438 928 501 id
951 439 1121 502 rotabulum
1139 461 1179 502 ex
1198 441 1303 502 anulis

235 526 373 604 ferream
393 525 533 584 tunicam.

308 651 345 714 V.
385 649 611 728 monimus,
636 647 713 710 libro
733 651 762 709 l.
781 670 847 734 pag.
866 650 936 728 371,
955 671 1015 730 seq.
1035 649 1079 712 ed.
1099 648 1236 711 Putschii.

286 757 396 820 Solior
406 757 554 835 frequens
580 754 695 814 videtur
718 766 749 812 et
766 755 871 814 tritum
890 768 923 812 ut
936 756 1068 832 perfecto
1089 768 1217 830 ternpore
1236 757 1302 816 sal-

322 860 387 908 sus,
417 837 517 906 salsa,
549 835 664 894 salsum
684 835 824 894 dicamus.
866 831 931 893 Sed
949 847 1053 893 ueteres
1072 835 1155 894 ambi
1193 835 1302 896 itatem

324 915 539 992 appellationis
561 915 683 974 uitantes
703 925 731 971 et
743 914 921 992 analogiam
932 927 1094 990 sequentes,
1112 857 1301 973 saiiiussum

327 997 469 1056 ele'rerunt
488 1017 509 1052 a
525 993 674 1068 positione
692 993 784 1063 sallo,
804 1015 861 1052 non
879 993 970 1052 salio.
1006 993 1046 1052 Ut
1067 993 1165 1054 Varro
1185 995 1232 1056 od
1249 993 1301 1054 Ci-

326 1097 457 1135 ceronem
478 1071 646 1154 QUINTO.
666 1085 705 1130 ut
725 1086 926 1147 servarent,
956 1071 1108 1130 saliere.

362 1152 459 1214 Locus
482 1163 575 1215 exstet
593 1150 623 1212 in
644 1149 720 1210 libro
741 1164 866 1228 quarto,
900 1171 960 1211 non
981 1152 1083 1228 quinto
1103 1149 1236 1234 vulgatae
1256 1151 1303 1212 di-

244 1231 406 1296 otinctionis
426 1230 575 1292 librorum.
595 1251 660 1314 pag.
680 1231 720 1292 32
740 1229 805 1310 Bip.
825 1251 884 1311 cap.
906 1231 955 1290 22.

288 1312 429 1372 Suceidio
450 1313 488 1371 ab
498 1313 598 1370 suibus
617 1310 804 1370 concidendis
810 1333 821 1382 ς
846 1333 915 1368 num
935 1311 972 1369 id
985 1331 1073 1386 pecus
1081 1310 1211 1386 primum
1225 1313 1301 1373 ocei-

285 1393 355 1451 dere
374 1403 527 1466 coeperunt
546 1391 673 1461 domini,
694 1403 723 1449 et
741 1402 774 1448 ut
793 1403 942 1448 servarent
959 1389 1067 1448 salere.

244 1469 285 1534 in
303 1467 482 1553 Augustinus
501 1490 537 1531 ex
556 1467 698 1530 Diomede
717 1479 804 1548 pnto;
836 1467 919 1528 codd
941 1481 972 1530 et
991 1466 1058 1528 libri
1076 1487 1177 1530 omnes
1195 1471 1301 1531 salire.

312 1597 364 1659 vt.
405 1597 636 1675 canonius,
656 1597 779 1658 institut.
800 1617 918 1682 gramm.
940 1596 989 1658 lib.
1009 1599 1032 1658 1.
1052 1619 1117 1684 pag.
1136 1600 1176 1660 56
1195 1599 1230 1660 P.

282 1701 470 1762 Pulmentum
490 1717 519 1762 et
536 1701 773 1762 Pulmentarium
793 1701 912 1761 elicitur.
952 1701 1035 1761 Nam
1055 1700 1130 1763 Cato
1151 1705 1200 1763 ori
1218 1705 1301 1763 inum

323 1783 433 1841 tertio.-
471 1781 672 1858 Laserpitium
687 1802 744 1857 pro
761 1780 964 1858 pulmentario
984 1805 1035 1840 suo
1057 1783 1154 1841 habet.
1193 1725 1230 1842 in
1251 1807 1301 1844 eo·

324 1861 407 1921 deum
426 1863 520 1922 multo
536 1863 687 1939 pulmento
708 1860 763 1918 usi.
804 1858 869 1918 Sed
886 1861 1011 1935 quidam
1026 1875 1146 1937 putant,
1162 1863 1299 1938 pulmen-

323 1953 386 2000 tum
417 1941 507 2018 quasi
526 1941 730 2016 pulumentum
753 1939 859 1998 melius
883 1938 954 1999 dici.
1007 1942 1105 2000 Varro
1131 1956 1230 2002 autem
1255 1944 1303 2002 ad

322 2017 416 2079 Cicer.
443 2017 602 2100 QUINTO
627 2017 831 2088 Pulmentum,
866 2019 928 2090 ait,
963 2023 1046 2096 quod
1069 2021 1106 2080 iel
1126 2043 1191 2081 eum
1212 2024 1301 2098 pulte

322 2111 415 2158 essent
434 2113 463 2159 et
481 2100 552 2159 inde
568 2099 800 2174 pulmentarium
821 2099 941 2157 dietum.

252 2233 256 2240 .
362 2177 439 2239 Sene
464 2177 534 2239 haec
559 2176 700 2239 Varronis
725 2174 813 2238 verbo
838 2175 977 2260 leguntur
999 2177 1029 2238 in
1056 2177 1165 2240 Codice
1185 2193 1301 2258 nostro,

242 2256 328 2398 §ipra
330 2335 337 2350 Ι
347 2258 464 2334 quinto,
498 2257 547 2320 sed
572 2260 604 2318 in
629 2254 732 2318 ceteris
756 2253 888 2320 omnibus
914 2272 1037 2335 quareo,
1070 2280 1132 2342 cap.
1157 2260 1205 2320 22.
1231 2281 1301 2345 pag.

329 2357 367 2418 lp·

457 2463 521 2526 vlt.
562 2463 791 2543 CHARISIHS,
811 2465 887 2528 libro
907 2467 930 2528 l.
949 2488 1016 2552 pag.
1036 2467 1084 2530 81.

282 2565 387 2628 Booile
414 2582 490 2629 oeta!
514 2571 578 2630 dici
594 2571 693 2631 Varro
713 2572 759 2631 ad
777 2570 943 2632 Ciceronem
962 2573 1039 2632 libro
1061 2571 1237 2646 OCTAVO,
1271 2591 1302 2637 et

324 2648 386 2726 ipse
404 2671 517 2724 semper
536 2651 633 2710 bubile
654 2651 745 2726 dicio,
776 2653 832 2710 secl
849 2665 878 2711 et
896 2649 970 2710 Cato
992 2655 1029 2712 de
1048 2655 1233 2735 adrogandis
1253 2656 1299 2715 le·

320 2728 407 2807 gibus
426 2729 519 2787 bovile
539 2731 632 2788 dixit.

242 2803 366 2866 Exstant
384 2805 414 2866 in
433 2805 512 2890 vulg.
533 2806 608 2868 libro
628 2810 766 2886 septimo,
787 2829 848 2890 cop.
869 2809 918 2870 3⁰.
937 2831 1003 2894 pag.
1023 2813 1083 2874 117
1103 2812 1168 2894 Bip.

281 2885 419 2946 Primum
442 2908 506 2946 cum
532 2889 654 2948 dicatur
679 2899 712 2948 ut
735 2891 774 2950 ab
800 2913 849 2950 ore
874 2903 903 2948 et
924 2913 945 2950 a
965 2913 1030 2965 sue,
1065 2894 1140 2952 ovile
1160 2907 1189 2952 et
1207 2894 1300 2969 suile,

281 2965 324 3024 sic
343 2988 363 3024 a
384 2968 451 3026 bose
470 2968 581 3027 dicitur
600 2970 712 3045 buhele,
733 2993 789 3029 non
809 2970 911 3030 bovile.

242 3041 295 3108 ttis
324 3054 419 3104 umen
451 3064 525 3125 quae
555 3046 713 3110 firmissima
737 3059 814 3110 stant
839 3047 897 3108 duo
925 3047 1107 3144 refragantur
1132 3050 1195 3114 loco
1219 3053 1301 3135 apud

241 3119 370 3182 Nonium
389 3123 572 3202 Marcellum,
592 3126 695 3188 alteri
734 3128 792 3188 itur
811 3149 832 3187 s.
854 3150 882 3189 v.
925 3128 1079 3190 roiubrum.
1101 3131 1128 3207 l,
1148 3131 1216 3192 324.

280 3201 379 3262 Varro
400 3204 437 3262 de
456 3204 562 3286 lingua
584 3208 686 3267 latina
721 3211 783 3268 ihro
804 3149 974 3288 QUldiTO,
992 3211 1157 3284 prolubiem
1177 3224 1205 3271 et
1221 3233 1299 3287 pro-

283 3280 445 3340 lubidinem
466 3287 529 3344 elici
545 3287 584 3345 ab
605 3308 648 3357 eo,
669 3289 752 3363 quod
770 3287 879 3346 lubeat.
920 3287 1006 3350 Unde
1025 3290 1118 3350 etiam
1138 3291 1219 3350 lucus
1239 3293 1301 3352 Ve-

281 3360 348 3418 neri
363 3357 545 3421 Lubentinae
564 3365 693 3423 dicatur.

241 3435 380 3524 inteiligit
400 3437 511 3517 locum,
545 3441 644 3521 quiin
665 3441 741 3526 vulg.
764 3441 871 3528 legitur
890 3443 966 3507 libro
987 3448 1106 3526 quinto,
1138 3463 1224 3510 sesto
1244 3471 1301 3510 au-

239 3525 299 3576 tem
319 3516 349 3575 in
370 3515 495 3594 Codice,
540 3540 554 3579 a
577 3521 803 3602 .63.onp.V1.

276 3595 479 3734 ssblil‘m
534 3541 641 3672 niteo,
673 3601 869 3663 Lubidinoms
893 3626 932 3666 ae
954 3605 1052 3666 Venus
1075 3606 1240 3668 Lubentina
1267 3625 1298 3670 et

339 3687 428 3735 rnna.

205 3782 210 3793 s
237 3752 271 3812 In
291 3753 389 3814 Nonio
411 3757 541 3832 quinto
562 3756 709 3818 invenitur
728 3759 758 3820 in
777 3759 845 3822 Ald
864 3761 950 3825 Bait.
962 3762 1103 3826 Gothoir.
1125 3766 1188 3826 lun.
1201 3766 1297 3828 Merc.

237 3831 297 3892 Sed
321 3830 351 3892 iu
377 3833 503 3897 editione
527 3836 640 3900 Veneta
663 3839 731 3900 anni
758 3843 847 3922 1492,
871 3842 942 3906 item
967 3845 1036 3906 anni
1065 3845 1143 3908 1498
1167 3846 1208 3908 sic
1228 3869 1298 3908 exa·

236 3923 345 3972 ntum:

315 3992 413 4054 Varro
433 3994 464 4054 in
484 3996 558 4078 ling.
579 3998 638 4058 lat.
658 3997 693 4059 li.
712 3997 788 4060 1111.
