2736 4676
260 351 282 414 d
427 291 431 300 *
593 341 740 408 nunu
764 339 990 422 QUINTUS.

286 490 764 604 monumentor).
784 521 1047 602 varranum,
1065 521 1174 607 osque
1185 519 1326 586 nmo

280 610 358 706 '¹9⁸
382 629 419 670 ex
443 606 520 702 illius
546 604 614 667 libri
636 605 693 668 fide
708 615 821 702 ,notare
848 615 1018 697 consuetus,
1051 625 1157 744 ‘lumi
1187 617 1325 686 quantum

146 753 153 762 ·
268 690 404 850 {3¹:¹⁶3
422 707 497 828 33⁰:
521 685 773 845 utilit-:22
793 682 1327 842 totitatis?zrtttltlfl

269 850 333 910 aiii
354 871 401 908 eos
426 848 520 907 libros
539 857 709 914 numerant,
742 863 829 904 nemo
849 863 887 904 ne
906 841 1058 902 mentione
1075 843 1190 923 quidem
1211 843 1329 927 dignam

270 926 392 1004 censuit,
410 937 441 986 et
459 925 574 986 videtur
592 943 665 984 vero
684 922 783 1004 inepta
801 933 833 984 et
851 920 946 984 verbis
956 921 1095 982 Varronis
1114 943 1234 1004 prorsus
1255 944 1330 982 con-

269 1007 373 1082 traria,
403 1004 454 1085 qui
473 1003 514 1066 sic
534 1002 617 1064 dicit:
636 1042 689 1063 ..·.
709 1027 764 1062 sex
785 1003 873 1063 tibris
893 1023 1037 1076 exponere
1057 1003 1176 1062 institui
1180 1026 1192 1074 ,·
1223 1003 1267 1062 dc'
1279 1002 1331 1061 bis

272 1087 330 1148 tris
354 1097 426 1144 ante
445 1084 614 1161 benefeci,
648 1105 720 1158 quor
740 1081 891 1158 Septumio
913 1081 991 1140 misi.
1012 1082 1045 1140 in
1067 1081 1114 1140 isis
1134 1083 1180 1141 ad
1203 1095 1230 1141 te
1253 1083 1330 1140 scri-

272 1168 350 1226 bam.
377 1162 418 1222 Et
436 1162 467 1222 in
486 1163 544 1222 line
564 1159 631 1222 libri
651 1159 739 1221 sexti.
760 1160 903 1220 institutis
920 1181 975 1219 rex
995 1161 1129 1221 libris...
1150 1162 1205 1220 tris
1223 1161 1335 1238 scripsi

271 1243 311 1307 Ρ.
332 1243 530 1318 Septumio...
550 1242 608 1300 tris
628 1241 698 1311 tibi,
719 1263 842 1316 quorum
862 1239 911 1298 tic
930 1252 973 1298 esc
994 1241 1127 1299 tertius.-

352 1318 472 1382 anlum
496 1318 565 1380 mibi
585 1332 629 1380 est
648 1318 765 1379 dubium
787 1318 855 1398 quin
876 1317 933 1377 boc
954 1316 1016 1399 ipso
1038 1318 1177 1380 Varronis
1197 1317 1333 1380 testimo-

273 1401 325 1463 nio
337 1400 412 1462 iretn
431 1399 520 1461 editio
533 1397 649 1474 Aldina,
666 1398 768 1480 prima,
787 1398 818 1457 ni
832 1396 926 1473 fallor,
946 1395 1122 1458 exhibuerit:
1143 1401 1218 1459 liber
1238 1422 1334 1475 quar-

275 1495 341 1554 tur,-
370 1499 489 1560 eamque
508 1477 543 1538 ad
563 1499 652 1538 unum
673 1498 773 1538 omnes
793 1475 896 1557 reliqui
916 1477 1021 1547 seruth
1048 1477 1177 1538 nondum
1196 1477 1274 1538 enirn
1301 1477 1335 1536 in

276 1559 422 1622 codicibus
441 1557 554 1641 scriptis
573 1557 643 1618 baec
663 1556 749 1618 lectio
769 1557 894 1617 inventa.
952 1555 1011 1616 Sed
1031 1554 1127 1618 salsam
1148 1557 1209 1618 esse
1229 1557 1336 1636 conje-

278 1650 389 1701 cturam
414 1637 474 1699 eius
499 1637 550 1718 qui
569 1635 635 1697 Atd.
658 1635 813 1699 editionem
834 1633 955 1710 curavit,
975 1635 1048 1696 etsi
1068 1635 1281 1698 illaverissima
1302 1647 1338 1695 et

276 1719 410 1780 Varrone
430 1716 493 1798 ipso
513 1716 623 1777 firmata
641 1715 774 1792 videtur,
794 1713 925 1775 facillime
946 1713 1144 1796 probabimus;
1164 1736 1230 1774 nam
1251 1714 1339 1774 rein-

276 1809 357 1860 tatur
387 1794 422 1857 ab
448 1794 581 1857 omnibus
606 1815 730 1876 quorum
757 1795 840 1855 notio
867 1794 901 1854 ad
927 1814 981 1855 nos
1006 1794 1100 1874 venit,
1131 1793 1341 1876 scriptoribus,

276 1875 384 1938 borum
403 1875 543 1936 Varronis
563 1873 704 1935 librorum
723 1873 895 1935 anctoritate
914 1873 980 1934 usis.

418 2065 428 2077 ,
491 2005 514 2066 Ι.
553 2001 591 2066 Α.
621 2002 805 2081 GELLlssS,
835 2003 910 2066 libro
931 2005 968 2066 X.
988 2025 1050 2088 cap.
1069 2006 1118 2066 21.
1190 2037 1195 2052 =

281 2125 285 2130 '
318 2109 483 2185 Propterea
502 2109 579 2184 quid
589 2107 632 2168 Μ.
653 2131 766 2185 quoque
785 2108 883 2169 Varro
904 2111 941 2170 de
959 2109 1019 2168 s'sta
1041 2131 1104 2169 roce
1124 2101 1343 2190 [norissimus]

359 2188 582 2256 existimaverit,
604 2189 695 2248 serbis
714 2188 788 2263 ipsis
807 2211 846 2248 ea·
866 2189 943 2248 libro
965 2191 1002 2247 de
1027 2189 1134 2285 ls'npua
1162 2189 1264 2248 latina
1291 2191 1351 2247 ad

359 2265 528 2327 Ciceronem
548 2264 684 2328 SEXTO
706 2269 964 2327 demonstrandum
971 2281 1097 2344 pucsns
1131 2265 1222 2348 Quod
1232 2279 1348 2327 estre-

359 2368 452 2417 mum,
473 2346 587 2422 inquit,
607 2346 762 2406 dicebatur
779 2360 831 2406 etc.
1047 2366 1049 2378 ¹

400 2424 458 2484 Sed
478 2423 547 2484 baec
566 2425 596 2484 in
617 2423 750 2485 omnibus
769 2424 908 2486 Varronis
927 2425 1018 2503 libris,
1036 2445 1097 2489 non
1117 2423 1266 2500 SEXTO,
1286 2425 1355 2486 sed

282 2502 442 2580 QUINTO
464 2501 600 2587 leguntur
620 2503 695 2565 libro
715 2525 779 2588 pag.
799 2507 837 2566 ot
858 2505 932 2587 Rip„
952 2519 1073 2646 excsffto
1093 2517 1194 2566 nostro
1207 2504 1355 2566 Floren-

282 2585 345 2645 tino
366 2583 473 2643 codicc.
521 2583 590 2642 Non
610 2596 705 2644 tamen
724 2583 902 2644 reticendum
921 2586 952 2646 in
971 2585 1010 2645 ΑΙ
1031 2586 1076 2646 ina
1096 2585 1186 2646 Gellii
1205 2583 1359 2646 editione

281 2681 317 2758 re
336 2684 404 2725 vera
423 2661 493 2756 legi:
514 2665 560 2722 od
571 2661 736 2724 Ciceronem
752 2662 921 2801 QUINTO:
940 2664 990 2726 sed
1010 2664 1080 2725 baec
1099 2686 1177 2726 mera
1196 2676 1243 2725 est
1264 2685 1360 2725 eon-

282 2741 1102 2898 iiilioliil‘lslii‘il‘iiiiildi'iiiiiit,
1135 2745 1211 2884 ll?
1233 2763 1363 2886 2323

283 2901 366 2964 ualde
385 2900 519 2979 antiquus
544 2899 616 2977 (vid.
636 2900 696 2960 Jac.
713 2899 846 2968 Gronov.
866 2903 986 2982 praelat
1006 2923 1070 2997 pag.
1092 2904 1199 2964 ΙΙΧΧΙ.
1255 2905 1364 2984 onr.)

283 2993 314 3041 nt
333 3001 368 3041 er
388 2979 584 3061 antiquissimo
605 2979 762 3062 descriptus
792 2981 859 3059 (vid.
880 2981 1014 3043 Politianr
1033 2982 1150 3044 miscell.
1169 3004 1231 3062 cap.
1253 2983 1348 3044 XLI

282 3061 364 3120 cuius
388 3058 527 3120 lectiones
552 3081 640 3141 penes
664 3079 717 3120 nos
741 3073 822 3132 sunt,
853 3073 970 3122 serrant
996 3075 1093 3124 serto.
1118 3075 1149 3123 ct
1174 3061 1286 3123 Carrio
1328 3089 1361 3124 ιι

284 3139 386 3218 Antiq.
409 3138 475 3198 lect
495 3141 551 3215 ΙΙΙ,
583 3142 615 3200 4.
637 3139 672 3201 dc
691 3139 743 3200 bac
764 3161 796 3202 re
815 3141 855 3199 ita
874 3139 986 3200 scribit:
1038 3142 1126 3202 Illud
1143 3156 1244 3202 autem
1263 3147 1359 3206 mih

284 3220 392 3298 religio
424 3231 466 3278 ert
496 3233 606 3290 tacere,
639 3235 794 3296 utrumque
822 3221 975 3300 Agellium
1004 3223 1234 3297 manuscriptum
1264 3223 1367 3284 hae·

282 3311 368 3362 serto
389 3297 534 3356 Varronis
554 3301 591 3356 de
610 3299 696 3378 Ling.
715 3301 784 3358 Lat.
804 3300 897 3370 libro,
918 3323 975 3360 non
996 3303 1123 3377 quincto,
1144 3303 1176 3362 in
1196 3324 1256 3376 ouo
1287 3305 1351 3365 ill
1359 3338 1367 3359 .

284 3377 425 3455 leguntur
445 3375 546 3446 hodie,
568 3378 769 3451 adscripsisse,
790 3381 879 3453 quod,
900 3381 989 3456 quale
1007 3381 1048 3440 sit
1069 3382 1149 3442 nihil
1162 3389 1361 3459 pronuncia

497 3503 534 3563 ΙΙ.
572 3500 610 3564 Α.
630 3502 813 3583 GELLlUS‚
830 3505 907 3569 libro
928 3510 970 3586 ΙΙ,
990 3530 1051 3590 cap.
1072 3510 1122 3570 25.

323 3593 367 3667 M.
391 3628 503 3682 quoque
521 3607 667 3667 Varronis
691 3612 738 3668 ad
759 3608 925 3671 Ciceronem
951 3615 988 3671 dc
1012 3615 1120 3693 lingua
1140 3614 1242 3674 latina
1270 3619 1342 3681 lib

364 3698 481 3779 attacus
501 3687 618 3745 nullom
637 3710 697 3747 esse
716 3691 942 3750 obseruationem
960 3692 1105 3752 similium
1126 3695 1225 3764 docet,
1251 3697 1337 3780 inq

362 3765 494 3824 omnebus
509 3787 584 3842 pene
604 3769 694 3827 serbis
713 3771 946 3830 consuetudinem
967 3773 1121 3832 dominari
1138 3775 1302 3836 ostendit.
1315 3827 1327 3840 .
1339 3827 1351 3842 .

284 3943 313 4014 l)
337 3949 407 4000 Ante
431 3945 580 4001 Victoriam
603 3948 698 4006 Franc.
722 3953 836 4008 Paccius
860 3951 889 4006 in
911 3954 983 4008 notis
1001 3955 1082 4008 blase.
1100 3955 1134 4008 ad
1153 3955 1258 4010 Catuli.
1290 3965 1328 4019 L
1349 3978 1368 4017 ’ς

336 4017 396 4072 138.
417 4019 500 4102 uerba
521 4039 540 4072 a
561 4024 651 4074 es'rrere
667 4029 818 4079 unerarius
840 4019 922 4092 (vulsi
940 4025 992 4092 IV.
1016 4022 1073 4094 29.)
1095 4026 1176 4082 truite
1194 4049 1226 4082 ex
1246 4039 1359 4104 quin

335 4089 370 4144 od
393 4088 551 4144 Cremonen
568 4091 664 4150 laudat.
