<?xml version="1.0" encoding="UTF-8"?>
<!DOCTYPE html PUBLIC "-//W3C//DTD XHTML 1.0 Transitional//EN"
    "http://www.w3.org/TR/xhtml1/DTD/xhtml1-transitional.dtd">
<html xmlns="http://www.w3.org/1999/xhtml" xml:lang="en" lang="en">
 <head>
  <title>
</title>
<meta http-equiv="Content-Type" content="text/html;charset=utf-8" />
  <meta name='ocr-system' content='tesseract 3.04.00' />
  <meta name='ocr-capabilities' content='ocr_page ocr_carea ocr_par ocr_line ocrx_word'/>
</head>
<body>
  <div class='ocr_page' id='page_1' title='image "./mterentivarroni00prisgoog/mterentivarroni00prisgoog_0025.png"; bbox 0 0 2736 4676; ppageno 0'>
   <div class='ocr_carea' id='block_1_1' title="bbox 240 313 919 382">
    <p class='ocr_par' dir='ltr' id='par_1_1' title="bbox 240 313 919 382">
     <span class='ocr_line' id='line_1_1' title="bbox 240 313 919 382; baseline 0 0"><span class='ocrx_word' id='word_1_1' title='bbox 240 333 299 382; x_wconf 78' lang='lat' dir='ltr'><strong>xm</strong></span> <span class='ocrx_word' id='word_1_2' title='bbox 611 313 919 382; x_wconf 70' lang='lat' dir='ltr'><strong>PRAEFATIO</strong></span> 
     </span>
    </p>
   </div>
   <div class='ocr_carea' id='block_1_2' title="bbox 230 485 1297 1283">
    <p class='ocr_par' dir='ltr' id='par_1_2' title="bbox 230 485 1297 1118">
     <span class='ocr_line' id='line_1_2' title="bbox 242 485 1296 588; baseline 0.005 -26"><span class='ocrx_word' id='word_1_3' title='bbox 242 496 342 562; x_wconf 75' lang='lat' dir='ltr'><strong>:octo</strong></span> <span class='ocrx_word' id='word_1_4' title='bbox 363 485 465 562; x_wconf 86' lang='lat' dir='ltr'><strong>idem</strong></span> <span class='ocrx_word' id='word_1_5' title='bbox 485 487 577 562; x_wconf 84' lang='lat' dir='ltr'><strong>libor</strong></span> <span class='ocrx_word' id='word_1_6' title='bbox 596 511 680 588; x_wconf 74' lang='lat' dir='ltr'><strong>pag.</strong></span> <span class='ocrx_word' id='word_1_7' title='bbox 703 487 776 564; x_wconf 77' lang='lat'><strong>³37</strong></span> <span class='ocrx_word' id='word_1_8' title='bbox 802 491 841 562; x_wconf 91' lang='lat' dir='ltr'><strong>in</strong></span> <span class='ocrx_word' id='word_1_9' title='bbox 865 487 991 565; x_wconf 78' lang='lat' dir='ltr'><strong>verbio</strong></span> <span class='ocrx_word' id='word_1_10' title='bbox 1013 507 1066 562; x_wconf 86' lang='lat' dir='ltr'><strong>cx</strong></span> <span class='ocrx_word' id='word_1_11' title='bbox 1088 487 1160 566; x_wconf 89' lang='lat' dir='ltr'><strong>XiI</strong></span> <span class='ocrx_word' id='word_1_12' title='bbox 1186 491 1296 566; x_wconf 85' lang='lat' dir='ltr'><strong>tabu·</strong></span> 
     </span>
     <span class='ocr_line' id='line_1_3' title="bbox 241 617 1297 722; baseline 0.004 -30"><span class='ocrx_word' id='word_1_13' title='bbox 241 619 290 694; x_wconf 77' lang='lat' dir='ltr'><strong>iic</strong></span> <span class='ocrx_word' id='word_1_14' title='bbox 311 617 398 692; x_wconf 75' lang='lat' dir='ltr'><strong>solu</strong></span> <span class='ocrx_word' id='word_1_15' title='bbox 417 643 555 694; x_wconf 82' lang='lat' dir='ltr'><strong>oococu</strong></span> <span class='ocrx_word' id='word_1_16' title='bbox 574 619 635 694; x_wconf 78' lang='lat' dir='ltr'><strong>dci:</strong></span> <span class='ocrx_word' id='word_1_17' title='bbox 658 645 837 722; x_wconf 75' lang='lat' dir='ltr'><strong>cupreum</strong></span> <span class='ocrx_word' id='word_1_18' title='bbox 862 631 1063 721; x_wconf 75' lang='lat' dir='ltr'><strong>tempesta:</strong></span> <span class='ocrx_word' id='word_1_19' title='bbox 1082 632 1178 713; x_wconf 81' lang='lat' dir='ltr'><strong>octo,</strong></span> <span class='ocrx_word' id='word_1_20' title='bbox 1207 623 1297 696; x_wconf 85' lang='lat' dir='ltr'><strong>reii-</strong></span> 
     </span>
     <span class='ocr_line' id='line_1_4' title="bbox 230 749 1297 851; baseline 0 -25"><span class='ocrx_word' id='word_1_21' title='bbox 230 752 308 849; x_wconf 63' lang='lat' dir='ltr'><strong>xqui</strong></span> <span class='ocrx_word' id='word_1_22' title='bbox 341 771 471 826; x_wconf 79' lang='lat' dir='ltr'><strong>omnes</strong></span> <span class='ocrx_word' id='word_1_23' title='bbox 508 749 593 826; x_wconf 67' lang='lat' dir='ltr'><strong>dccc·</strong></span> <span class='ocrx_word' id='word_1_24' title='bbox 633 753 795 828; x_wconf 88' lang='lat' dir='ltr'><strong>&#39;Verum</strong></span> <span class='ocrx_word' id='word_1_25' title='bbox 834 751 982 828; x_wconf 84' lang='lat' dir='ltr'><strong>videtur</strong></span> <span class='ocrx_word' id='word_1_26' title='bbox 1015 752 1115 851; x_wconf 83' lang='lat' dir='ltr'><strong>qnod</strong></span> <span class='ocrx_word' id='word_1_27' title='bbox 1153 755 1190 827; x_wconf 91' lang='lat' dir='ltr'><strong>in</strong></span> <span class='ocrx_word' id='word_1_28' title='bbox 1223 753 1297 826; x_wconf 85' lang='lat' dir='ltr'><strong>hoe</strong></span> 
     </span>
     <span class='ocr_line' id='line_1_5' title="bbox 243 883 1295 983; baseline 0.003 -28"><span class='ocrx_word' id='word_1_29' title='bbox 243 907 327 982; x_wconf 79' lang='lat' dir='ltr'><strong>pag.</strong></span> <span class='ocrx_word' id='word_1_30' title='bbox 350 883 424 958; x_wconf 87' lang='grc'><strong>363</strong></span> <span class='ocrx_word' id='word_1_31' title='bbox 448 907 585 958; x_wconf 72' lang='lat' dir='ltr'><strong>morea</strong></span> <span class='ocrx_word' id='word_1_32' title='bbox 611 883 746 960; x_wconf 64' lang='lat' dir='ltr'><strong>decom</strong></span> <span class='ocrx_word' id='word_1_33' title='bbox 764 907 842 960; x_wconf 82' lang='lat' dir='ltr'><strong>ecce</strong></span> <span class='ocrx_word' id='word_1_34' title='bbox 863 883 1063 983; x_wconf 59' lang='lat' dir='ltr'><strong>mpetum</strong></span> <span class='ocrx_word' id='word_1_35' title='bbox 1090 887 1295 961; x_wconf 86' lang='lat' dir='ltr'><strong>iuvenitur:</strong></span> 
     </span>
     <span class='ocr_line' id='line_1_6' title="bbox 242 1014 934 1118; baseline -0.003 -26"><span class='ocrx_word' id='word_1_36' title='bbox 242 1039 381 1092; x_wconf 79' lang='lat' dir='ltr'><strong>nomeu</strong></span> <span class='ocrx_word' id='word_1_37' title='bbox 409 1015 543 1090; x_wconf 61' lang='lat' dir='ltr'><strong>dobunt</strong></span> <span class='ocrx_word' id='word_1_38' title='bbox 562 1014 711 1116; x_wconf 69' lang='lat' dir='ltr'><strong>oouqaeci</strong></span> <span class='ocrx_word' id='word_1_39' title='bbox 726 1015 934 1118; x_wconf 75' lang='lat' dir='ltr'><strong>:inpcnimc</strong></span> 
     </span>
    </p>

    <p class='ocr_par' dir='ltr' id='par_1_3' title="bbox 480 1204 1061 1283">
     <span class='ocr_line' id='line_1_7' title="bbox 480 1204 1061 1283; baseline 0.002 -5"><span class='ocrx_word' id='word_1_40' title='bbox 480 1204 759 1282; x_wconf 82' lang='lat' dir='ltr'><strong>Parisiensis</strong></span> <span class='ocrx_word' id='word_1_41' title='bbox 790 1229 821 1282; x_wconf 82' lang='lat' dir='ltr'><strong>c</strong></span> <span class='ocrx_word' id='word_1_42' title='bbox 851 1229 930 1282; x_wconf 91' lang='lat' dir='ltr'><strong>nro.</strong></span> <span class='ocrx_word' id='word_1_43' title='bbox 953 1205 1061 1283; x_wconf 66' lang='grc'><strong>7636.</strong></span> 
     </span>
    </p>
   </div>
   <div class='ocr_carea' id='block_1_3' title="bbox 244 1347 1298 3308">
    <p class='ocr_par' dir='ltr' id='par_1_4' title="bbox 244 1347 1298 2651">
     <span class='ocr_line' id='line_1_8' title="bbox 341 1347 1294 1458; baseline -0.002 -20"><span class='ocrx_word' id='word_1_44' title='bbox 341 1359 410 1438; x_wconf 77' lang='lat' dir='ltr'><strong>Er:</strong></span> <span class='ocrx_word' id='word_1_45' title='bbox 439 1361 685 1458; x_wconf 75' lang='lat' dir='ltr'><strong>fragmentum</strong></span> <span class='ocrx_word' id='word_1_46' title='bbox 719 1362 895 1438; x_wconf 89' lang='lat' dir='ltr'><strong>librorum</strong></span> <span class='ocrx_word' id='word_1_47' title='bbox 925 1347 974 1436; x_wconf 79' lang='lat' dir='ltr'><strong>do</strong></span> <span class='ocrx_word' id='word_1_48' title='bbox 1004 1362 1131 1458; x_wconf 75' lang='lat' dir='ltr'><strong>linqua</strong></span> <span class='ocrx_word' id='word_1_49' title='bbox 1159 1361 1294 1450; x_wconf 79' lang='lat' dir='ltr'><strong>iatine:</strong></span> 
     </span>
     <span class='ocr_line' id='line_1_9' title="bbox 244 1493 1295 1592; baseline 0.002 -26"><span class='ocrx_word' id='word_1_50' title='bbox 244 1493 357 1568; x_wconf 82' lang='lat' dir='ltr'><strong>habet</strong></span> <span class='ocrx_word' id='word_1_51' title='bbox 393 1494 526 1568; x_wconf 79' lang='lat' dir='ltr'><strong>librum</strong></span> <span class='ocrx_word' id='word_1_52' title='bbox 557 1497 726 1592; x_wconf 90' lang='lat' dir='ltr'><strong>quintum</strong></span> <span class='ocrx_word' id='word_1_53' title='bbox 761 1495 998 1592; x_wconf 83' lang='lat' dir='ltr'><strong>incipientem</strong></span> <span class='ocrx_word' id='word_1_54' title='bbox 1036 1493 1142 1568; x_wconf 73' lang='lat' dir='ltr'><strong>fotu</strong></span> <span class='ocrx_word' id='word_1_55' title='bbox 1174 1505 1295 1585; x_wconf 88' lang='lat' dir='ltr'><strong>recto;</strong></span> 
     </span>
     <span class='ocr_line' id='line_1_10' title="bbox 244 1623 1294 1725; baseline -0.002 -25"><span class='ocrx_word' id='word_1_56' title='bbox 244 1626 380 1702; x_wconf 79' lang='lat' dir='ltr'><strong>desinit</strong></span> <span class='ocrx_word' id='word_1_57' title='bbox 402 1626 615 1725; x_wconf 81' lang='lat' dir='ltr'><strong>imperfecte</strong></span> <span class='ocrx_word' id='word_1_58' title='bbox 635 1625 699 1700; x_wconf 85' lang='lat' dir='ltr'><strong>fol.</strong></span> <span class='ocrx_word' id='word_1_59' title='bbox 721 1631 769 1700; x_wconf 88' lang='grc'><strong>20</strong></span> <span class='ocrx_word' id='word_1_60' title='bbox 792 1637 892 1700; x_wconf 90' lang='lat' dir='ltr'><strong>recto</strong></span> <span class='ocrx_word' id='word_1_61' title='bbox 914 1638 951 1698; x_wconf 88' lang='lat' dir='ltr'><strong>et</strong></span> <span class='ocrx_word' id='word_1_62' title='bbox 969 1626 1046 1702; x_wconf 93' lang='lat' dir='ltr'><strong>imo</strong></span> <span class='ocrx_word' id='word_1_63' title='bbox 1069 1623 1127 1701; x_wconf 82' lang='lat' dir='ltr'><strong>hie</strong></span> <span class='ocrx_word' id='word_1_64' title='bbox 1150 1625 1294 1702; x_wconf 77' lang='lat' dir='ltr'><strong>vorbis:</strong></span> 
     </span>
     <span class='ocr_line' id='line_1_11' title="bbox 244 1755 1296 1859; baseline 0 -27"><span class='ocrx_word' id='word_1_65' title='bbox 244 1759 286 1832; x_wconf 78' lang='lat' dir='ltr'><strong>io</strong></span> <span class='ocrx_word' id='word_1_66' title='bbox 309 1757 459 1859; x_wconf 67' lang='lat' dir='ltr'><strong>pondu</strong></span> <span class='ocrx_word' id='word_1_67' title='bbox 487 1767 604 1832; x_wconf 77' lang='lat' dir='ltr'><strong>oront</strong></span> <span class='ocrx_word' id='word_1_68' title='bbox 621 1768 763 1859; x_wconf 82' lang='lat' dir='ltr'><strong>potere</strong></span> <span class='ocrx_word' id='word_1_69' title='bbox 796 1757 845 1832; x_wconf 79' lang='lat' dir='ltr'><strong>ab</strong></span> <span class='ocrx_word' id='word_1_70' title='bbox 873 1782 918 1833; x_wconf 88' lang='lat' dir='ltr'><strong>eo</strong></span> <span class='ocrx_word' id='word_1_71' title='bbox 956 1757 1057 1858; x_wconf 82' lang='lat' dir='ltr'><strong>quod</strong></span> <span class='ocrx_word' id='word_1_72' title='bbox 1084 1755 1214 1832; x_wconf 69' lang='lat' dir='ltr'><strong>tantu</strong></span> <span class='ocrx_word' id='word_1_73' title='bbox 1237 1759 1296 1832; x_wconf 76' lang='lat' dir='ltr'><strong>cic</strong></span> 
     </span>
     <span class='ocr_line' id='line_1_12' title="bbox 245 1888 1296 1990; baseline -0.002 -26"><span class='ocrx_word' id='word_1_74' title='bbox 245 1891 344 1966; x_wconf 74' lang='lat' dir='ltr'><strong>dicte</strong></span> <span class='ocrx_word' id='word_1_75' title='bbox 367 1912 462 1989; x_wconf 80' lang='lat' dir='ltr'><strong>quae</strong></span> <span class='ocrx_word' id='word_1_76' title='bbox 484 1888 652 1964; x_wconf 88' lang='lat' dir='ltr'><strong>incidunt</strong></span> <span class='ocrx_word' id='word_1_77' title='bbox 671 1890 712 1964; x_wconf 90' lang='lat' dir='ltr'><strong>in</strong></span> <span class='ocrx_word' id='word_1_78' title='bbox 732 1911 815 1990; x_wconf 77' lang='lat' dir='ltr'><strong>pag.</strong></span> <span class='ocrx_word' id='word_1_79' title='bbox 840 1890 922 1968; x_wconf 82' lang='lat'><strong>127.</strong></span> <span class='ocrx_word' id='word_1_80' title='bbox 970 1889 1181 1989; x_wconf 80' lang='lat' dir='ltr'><strong>Sequuntur</strong></span> <span class='ocrx_word' id='word_1_81' title='bbox 1203 1891 1296 1965; x_wconf 84' lang='lat' dir='ltr'><strong>solia</strong></span> 
     </span>
     <span class='ocr_line' id='line_1_13' title="bbox 246 2021 1296 2123; baseline -0.002 -26"><span class='ocrx_word' id='word_1_82' title='bbox 246 2035 405 2123; x_wconf 81' lang='lat' dir='ltr'><strong>quotuor</strong></span> <span class='ocrx_word' id='word_1_83' title='bbox 433 2043 571 2113; x_wconf 79' lang='lat' dir='ltr'><strong>vacue:</strong></span> <span class='ocrx_word' id='word_1_84' title='bbox 610 2021 752 2119; x_wconf 82' lang='lat' dir='ltr'><strong>relique</strong></span> <span class='ocrx_word' id='word_1_85' title='bbox 783 2021 918 2098; x_wconf 78' lang='lat' dir='ltr'><strong>codicis</strong></span> <span class='ocrx_word' id='word_1_86' title='bbox 950 2023 1041 2098; x_wconf 72' lang='lat' dir='ltr'><strong>eatis</strong></span> <span class='ocrx_word' id='word_1_87' title='bbox 1075 2021 1184 2122; x_wconf 74' lang='lat' dir='ltr'><strong>spissi</strong></span> <span class='ocrx_word' id='word_1_88' title='bbox 1217 2023 1296 2096; x_wconf 82' lang='lat' dir='ltr'><strong>aua</strong></span> 
     </span>
     <span class='ocr_line' id='line_1_14' title="bbox 247 2151 1297 2255; baseline -0.003 -24"><span class='ocrx_word' id='word_1_89' title='bbox 247 2175 469 2255; x_wconf 84' lang='lat' dir='ltr'><strong>prorsusque</strong></span> <span class='ocrx_word' id='word_1_90' title='bbox 498 2151 647 2228; x_wconf 81' lang='lat' dir='ltr'><strong>diversa</strong></span> <span class='ocrx_word' id='word_1_91' title='bbox 681 2153 879 2226; x_wconf 85' lang='lat' dir='ltr'><strong>continent</strong></span> <span class='ocrx_word' id='word_1_92' title='bbox 942 2154 1085 2228; x_wconf 81' lang='lat' dir='ltr'><strong>Graeca</strong></span> <span class='ocrx_word' id='word_1_93' title='bbox 1112 2154 1297 2230; x_wconf 78' lang='lat' dir='ltr'><strong>vocabula</strong></span> 
     </span>
     <span class='ocr_line' id='line_1_15' title="bbox 248 2284 1298 2384; baseline -0.004 -22"><span class='ocrx_word' id='word_1_94' title='bbox 248 2311 334 2364; x_wconf 90' lang='lat' dir='ltr'><strong>cum</strong></span> <span class='ocrx_word' id='word_1_95' title='bbox 364 2289 405 2361; x_wconf 91' lang='lat' dir='ltr'><strong>in</strong></span> <span class='ocrx_word' id='word_1_96' title='bbox 434 2285 504 2358; x_wconf 91' lang='lat' dir='ltr'><strong>hoc</strong></span> <span class='ocrx_word' id='word_1_97' title='bbox 533 2284 678 2375; x_wconf 87' lang='lat' dir='ltr'><strong>codice,</strong></span> <span class='ocrx_word' id='word_1_98' title='bbox 712 2291 793 2358; x_wconf 85' lang='lat' dir='ltr'><strong>tum</strong></span> <span class='ocrx_word' id='word_1_99' title='bbox 824 2285 864 2356; x_wconf 93' lang='lat' dir='ltr'><strong>in</strong></span> <span class='ocrx_word' id='word_1_100' title='bbox 898 2286 1072 2383; x_wconf 85' lang='lat' dir='ltr'><strong>proxime</strong></span> <span class='ocrx_word' id='word_1_101' title='bbox 1107 2287 1298 2384; x_wconf 83' lang='lat' dir='ltr'><strong>superiore</strong></span> 
     </span>
     <span class='ocr_line' id='line_1_16' title="bbox 248 2413 1297 2518; baseline -0.003 -23"><span class='ocrx_word' id='word_1_102' title='bbox 248 2421 375 2495; x_wconf 84' lang='lat' dir='ltr'><strong>omnia</strong></span> <span class='ocrx_word' id='word_1_103' title='bbox 405 2419 667 2518; x_wconf 83' lang='lat' dir='ltr'><strong>praetenniosa</strong></span> <span class='ocrx_word' id='word_1_104' title='bbox 690 2425 786 2489; x_wconf 77' lang='lat' dir='ltr'><strong>sunt</strong></span> <span class='ocrx_word' id='word_1_105' title='bbox 842 2413 986 2502; x_wconf 76' lang='lat' dir='ltr'><strong>Titulus</strong></span> <span class='ocrx_word' id='word_1_106' title='bbox 1015 2417 1099 2491; x_wconf 86' lang='lat' dir='ltr'><strong>libri</strong></span> <span class='ocrx_word' id='word_1_107' title='bbox 1121 2441 1230 2516; x_wconf 90' lang='lat' dir='ltr'><strong>quem</strong></span> <span class='ocrx_word' id='word_1_108' title='bbox 1255 2420 1297 2492; x_wconf 90' lang='lat' dir='ltr'><strong>in</strong></span> 
     </span>
     <span class='ocr_line' id='line_1_17' title="bbox 248 2546 890 2651; baseline -0.012 -22"><span class='ocrx_word' id='word_1_109' title='bbox 248 2554 384 2651; x_wconf 78' lang='lat' dir='ltr'><strong>scripto</strong></span> <span class='ocrx_word' id='word_1_110' title='bbox 404 2550 476 2646; x_wconf 77' lang='lat' dir='ltr'><strong>legi</strong></span> <span class='ocrx_word' id='word_1_111' title='bbox 496 2550 713 2646; x_wconf 76' lang='lat' dir='ltr'><strong>negavimus</strong></span> <span class='ocrx_word' id='word_1_112' title='bbox 735 2546 795 2620; x_wconf 90' lang='lat' dir='ltr'><strong>hic</strong></span> <span class='ocrx_word' id='word_1_113' title='bbox 817 2559 890 2623; x_wconf 81' lang='lat' dir='ltr'><strong>est:</strong></span> 
     </span>
    </p>

    <p class='ocr_par' dir='ltr' id='par_1_5' title="bbox 368 2701 1097 2782">
     <span class='ocr_line' id='line_1_18' title="bbox 368 2701 1097 2782; baseline -0.011 0"><span class='ocrx_word' id='word_1_114' title='bbox 368 2703 540 2782; x_wconf 84' lang='lat' dir='ltr'>MARCI:</span> <span class='ocrx_word' id='word_1_115' title='bbox 569 2701 814 2779; x_wconf 79' lang='lat' dir='ltr'>TERENTII:</span> <span class='ocrx_word' id='word_1_116' title='bbox 837 2701 1097 2778; x_wconf 85' lang='lat' dir='ltr'>VARRONIS:</span> 
     </span>
    </p>

    <p class='ocr_par' dir='ltr' id='par_1_6' title="bbox 371 2831 1174 3308">
     <span class='ocr_line' id='line_1_19' title="bbox 372 2831 1171 2914; baseline -0.005 0"><span class='ocrx_word' id='word_1_117' title='bbox 372 2839 460 2914; x_wconf 91' lang='lat' dir='ltr'><strong>DE:</strong></span> <span class='ocrx_word' id='word_1_118' title='bbox 492 2833 695 2912; x_wconf 83' lang='lat' dir='ltr'>LINGVA:</span> <span class='ocrx_word' id='word_1_119' title='bbox 726 2833 926 2910; x_wconf 82' lang='lat' dir='ltr'>LA&#39;l&#39;lNA:</span> <span class='ocrx_word' id='word_1_120' title='bbox 956 2831 1171 2910; x_wconf 85' lang='lat' dir='ltr'><strong>DEDISCi·</strong></span> 
     </span>
     <span class='ocr_line' id='line_1_20' title="bbox 372 2923 1174 3044; baseline -0.009 1"><span class='ocrx_word' id='word_1_121' title='bbox 372 2967 533 3044; x_wconf 76' lang='lat' dir='ltr'><strong>euuun:</strong></span> <span class='ocrx_word' id='word_1_122' title='bbox 561 2923 765 3043; x_wconf 73' lang='lat' dir='ltr'><strong>omomi‘</strong></span> <span class='ocrx_word' id='word_1_123' title='bbox 792 2966 1077 3042; x_wconf 81' lang='lat' dir='ltr'><strong>muoouvu:</strong></span> <span class='ocrx_word' id='word_1_124' title='bbox 1102 2965 1174 3040; x_wconf 82' lang='lat' dir='ltr'><strong>Ao</strong></span> 
     </span>
     <span class='ocr_line' id='line_1_21' title="bbox 371 3096 1100 3192; baseline -0.01 -14"><span class='ocrx_word' id='word_1_125' title='bbox 371 3099 672 3192; x_wconf 82' lang='lat' dir='ltr'>CICERONEM:</span> <span class='ocrx_word' id='word_1_126' title='bbox 695 3099 838 3176; x_wconf 83' lang='lat' dir='ltr'>LIBER</span> <span class='ocrx_word' id='word_1_127' title='bbox 858 3096 1100 3190; x_wconf 80' lang='lat' dir='ltr'>QVARTVS:</span> 
     </span>
     <span class='ocr_line' id='line_1_22' title="bbox 374 3231 848 3308; baseline 0 -2"><span class='ocrx_word' id='word_1_128' title='bbox 374 3231 650 3308; x_wconf 80' lang='lat' dir='ltr'>FELICITER:</span> <span class='ocrx_word' id='word_1_129' title='bbox 669 3231 848 3308; x_wconf 77' lang='lat' dir='ltr'><strong>uucu’rr</strong></span> 
     </span>
    </p>
   </div>
   <div class='ocr_carea' id='block_1_4' title="bbox 250 3385 1307 4014">
    <p class='ocr_par' dir='ltr' id='par_1_7' title="bbox 250 3385 1307 4014">
     <span class='ocr_line' id='line_1_23' title="bbox 250 3385 1303 3486; baseline -0.002 -24"><span class='ocrx_word' id='word_1_130' title='bbox 250 3411 347 3486; x_wconf 81' lang='lat' dir='ltr'><strong>quae</strong></span> <span class='ocrx_word' id='word_1_131' title='bbox 378 3396 544 3460; x_wconf 84' lang='lat' dir='ltr'><strong>nostram</strong></span> <span class='ocrx_word' id='word_1_132' title='bbox 583 3385 631 3460; x_wconf 81' lang='lat' dir='ltr'><strong>de</strong></span> <span class='ocrx_word' id='word_1_133' title='bbox 657 3388 833 3462; x_wconf 85' lang='lat' dir='ltr'><strong>libromm</strong></span> <span class='ocrx_word' id='word_1_134' title='bbox 860 3385 1044 3464; x_wconf 84' lang='lat' dir='ltr'><strong>divisione</strong></span> <span class='ocrx_word' id='word_1_135' title='bbox 1076 3387 1303 3462; x_wconf 78' lang='lat' dir='ltr'><strong>sententiam</strong></span> 
     </span>
     <span class='ocr_line' id='line_1_24' title="bbox 251 3516 1303 3598; baseline -0.002 -4"><span class='ocrx_word' id='word_1_136' title='bbox 251 3521 412 3594; x_wconf 81' lang='lat' dir='ltr'><strong>refutare</strong></span> <span class='ocrx_word' id='word_1_137' title='bbox 438 3516 646 3595; x_wconf 69' lang='lat' dir='ltr'><strong>videantur.</strong></span> <span class='ocrx_word' id='word_1_138' title='bbox 702 3517 916 3598; x_wconf 83' lang='lat' dir='ltr'><strong>Notandum</strong></span> <span class='ocrx_word' id='word_1_139' title='bbox 944 3541 1035 3597; x_wconf 85' lang='lat' dir='ltr'><strong>vero</strong></span> <span class='ocrx_word' id='word_1_140' title='bbox 1070 3517 1168 3592; x_wconf 91' lang='lat' dir='ltr'><strong>hunc</strong></span> <span class='ocrx_word' id='word_1_141' title='bbox 1197 3517 1303 3592; x_wconf 87' lang='lat' dir='ltr'><strong>codi-</strong></span> 
     </span>
     <span class='ocr_line' id='line_1_25' title="bbox 251 3647 1305 3748; baseline -0.002 -24"><span class='ocrx_word' id='word_1_142' title='bbox 251 3673 334 3725; x_wconf 91' lang='lat' dir='ltr'><strong>cem</strong></span> <span class='ocrx_word' id='word_1_143' title='bbox 356 3651 504 3724; x_wconf 79' lang='lat' dir='ltr'><strong>saeculo</strong></span> <span class='ocrx_word' id='word_1_144' title='bbox 525 3649 668 3726; x_wconf 86' lang='lat' dir='ltr'><strong>decimo</strong></span> <span class='ocrx_word' id='word_1_145' title='bbox 691 3665 814 3744; x_wconf 79' lang='lat' dir='ltr'><strong>sexto,</strong></span> <span class='ocrx_word' id='word_1_146' title='bbox 834 3653 991 3728; x_wconf 73' lang='lat' dir='ltr'><strong>sortasse</strong></span> <span class='ocrx_word' id='word_1_147' title='bbox 1010 3659 1096 3748; x_wconf 81' lang='lat' dir='ltr'><strong>post</strong></span> <span class='ocrx_word' id='word_1_148' title='bbox 1110 3647 1197 3723; x_wconf 84' lang='lat' dir='ltr'><strong>Aldi</strong></span> <span class='ocrx_word' id='word_1_149' title='bbox 1219 3647 1305 3722; x_wconf 86' lang='lat' dir='ltr'><strong>edi-</strong></span> 
     </span>
     <span class='ocr_line' id='line_1_26' title="bbox 251 3779 1306 3882; baseline -0.004 -26"><span class='ocrx_word' id='word_1_150' title='bbox 251 3783 392 3858; x_wconf 85' lang='lat' dir='ltr'><strong>tionem</strong></span> <span class='ocrx_word' id='word_1_151' title='bbox 416 3795 614 3858; x_wconf 83' lang='lat' dir='ltr'><strong>exoratum</strong></span> <span class='ocrx_word' id='word_1_152' title='bbox 637 3807 738 3873; x_wconf 77' lang='lat' dir='ltr'><strong>esee,</strong></span> <span class='ocrx_word' id='word_1_153' title='bbox 768 3793 807 3856; x_wconf 90' lang='lat' dir='ltr'><strong>et</strong></span> <span class='ocrx_word' id='word_1_154' title='bbox 828 3785 948 3882; x_wconf 83' lang='lat' dir='ltr'><strong>prima</strong></span> <span class='ocrx_word' id='word_1_155' title='bbox 977 3781 1137 3854; x_wconf 79' lang='lat' dir='ltr'><strong>auctori:</strong></span> <span class='ocrx_word' id='word_1_156' title='bbox 1163 3779 1306 3868; x_wconf 77' lang='lat' dir='ltr'><strong>verba,</strong></span> 
     </span>
     <span class='ocr_line' id='line_1_27' title="bbox 253 3909 1307 4014; baseline -0.004 -27"><span class='ocrx_word' id='word_1_157' title='bbox 253 3915 458 4014; x_wconf 84' lang='lat' dir='ltr'><strong>quicunque</strong></span> <span class='ocrx_word' id='word_1_158' title='bbox 478 3915 754 4013; x_wconf 84' lang='lat' dir='ltr'><strong>imeriptionem</strong></span> <span class='ocrx_word' id='word_1_159' title='bbox 776 3915 880 3988; x_wconf 80' lang='lat' dir='ltr'><strong>iiiam</strong></span> <span class='ocrx_word' id='word_1_160' title='bbox 901 3912 1066 4002; x_wconf 79' lang='lat' dir='ltr'><strong>dederet,</strong></span> <span class='ocrx_word' id='word_1_161' title='bbox 1089 3909 1221 3986; x_wconf 82' lang='lat' dir='ltr'><strong>eedem</strong></span> <span class='ocrx_word' id='word_1_162' title='bbox 1240 3935 1307 3984; x_wconf 81' lang='lat' dir='ltr'><strong>ra-</strong></span> 
     </span>
    </p>
   </div>
   <div class='ocr_carea' id='block_1_5' title="bbox 248 4043 1309 4378">
    <p class='ocr_par' dir='ltr' id='par_1_8' title="bbox 248 4043 1309 4378">
     <span class='ocr_line' id='line_1_28' title="bbox 252 4043 1308 4144; baseline -0.008 -22"><span class='ocrx_word' id='word_1_163' title='bbox 252 4049 354 4122; x_wconf 89' lang='lat' dir='ltr'><strong>tione</strong></span> <span class='ocrx_word' id='word_1_164' title='bbox 372 4069 447 4144; x_wconf 83' lang='lat' dir='ltr'><strong>quo</strong></span> <span class='ocrx_word' id='word_1_165' title='bbox 465 4043 592 4120; x_wconf 76' lang='lat' dir='ltr'><strong>uldini</strong></span> <span class='ocrx_word' id='word_1_166' title='bbox 610 4045 694 4120; x_wconf 88' lang='lat' dir='ltr'><strong>libri</strong></span> <span class='ocrx_word' id='word_1_167' title='bbox 709 4043 948 4120; x_wconf 82' lang='lat' dir='ltr'><strong>editoremet</strong></span> <span class='ocrx_word' id='word_1_168' title='bbox 965 4065 1095 4118; x_wconf 79' lang='lat' dir='ltr'><strong>omnes</strong></span> <span class='ocrx_word' id='word_1_169' title='bbox 1116 4044 1179 4140; x_wconf 91' lang='lat' dir='ltr'><strong>qui</strong></span> <span class='ocrx_word' id='word_1_170' title='bbox 1200 4055 1308 4140; x_wconf 81' lang='lat' dir='ltr'><strong>post-</strong></span> 
     </span>
     <span class='ocr_line' id='line_1_29' title="bbox 248 4173 1309 4276; baseline -0.009 -20"><span class='ocrx_word' id='word_1_171' title='bbox 248 4193 300 4256; x_wconf 78' lang='lat' dir='ltr'><strong>&#39;cc</strong></span> <span class='ocrx_word' id='word_1_172' title='bbox 321 4179 437 4256; x_wconf 77' lang='lat' dir='ltr'><strong>secuti</strong></span> <span class='ocrx_word' id='word_1_173' title='bbox 459 4175 631 4276; x_wconf 79' lang='lat' dir='ltr'><strong>decipere</strong></span> <span class='ocrx_word' id='word_1_174' title='bbox 647 4188 835 4275; x_wconf 82' lang='lat' dir='ltr'><strong>poterunt,</strong></span> <span class='ocrx_word' id='word_1_175' title='bbox 864 4187 907 4250; x_wconf 92' lang='lat' dir='ltr'><strong>ut</strong></span> <span class='ocrx_word' id='word_1_176' title='bbox 933 4175 982 4250; x_wconf 89' lang='lat' dir='ltr'><strong>do</strong></span> <span class='ocrx_word' id='word_1_177' title='bbox 1011 4197 1080 4252; x_wconf 81' lang='lat' dir='ltr'><strong>ouo</strong></span> <span class='ocrx_word' id='word_1_178' title='bbox 1109 4175 1171 4272; x_wconf 92' lang='lat' dir='ltr'><strong>qui</strong></span> <span class='ocrx_word' id='word_1_179' title='bbox 1195 4173 1309 4270; x_wconf 91' lang='lat' dir='ltr'><strong>quin-</strong></span> 
     </span>
     <span class='ocr_line' id='line_1_30' title="bbox 1240 4313 1309 4378; baseline 0.058 -4"><span class='ocrx_word' id='word_1_180' title='bbox 1240 4313 1309 4378; x_wconf 77' lang='lat' dir='ltr'><strong>tus</strong></span> 
     </span>
    </p>
   </div>
   <div class='ocr_carea' id='block_1_6' title="bbox 0 0 1387 4676">
    <p class='ocr_par' dir='ltr' id='par_1_9' title="bbox 0 0 1387 4676">
     <span class='ocr_line' id='line_1_31' title="bbox 0 0 1387 4676; baseline 0 0"><span class='ocrx_word' id='word_1_181' title='bbox 0 0 1387 4676; x_wconf 95' lang='lat' dir='ltr'><strong> </strong></span> 
     </span>
    </p>
   </div>
  </div>
 </body>
</html>
