2628 4672
244 303 310 370 Μ
591 299 740 366 monn
765 299 961 366 SEXTUS.

249 477 340 578 quod
363 479 434 550 sine
456 493 574 576 sponte
597 477 719 565 dicunt,
741 505 817 551 vere
839 505 948 577 neque
969 477 1025 552 ills
1047 493 1160 575 sperat
1181 479 1292 578 quide

248 587 292 656 cit
314 584 507 655 adolescens
529 611 637 681 neque
660 584 716 654 illa
739 599 869 680 sperata
891 600 950 655 est.
974 581 1126 680 Sponsor
1148 601 1183 656 et
1204 583 1293 656 Pras

249 707 282 762 et
303 691 376 762 Vas
400 715 507 786 nequo
529 689 635 774 idem,
674 715 781 786 neque
804 715 858 759 res
882 715 902 759 a
922 689 1038 788 quibus
1062 689 1110 776 hi,
1148 691 1209 762 sed
1233 719 1292 762 ere

250 795 366 866 simile.
410 796 527 892 Itaque
549 792 654 864 Praes
679 795 736 890 qui
759 819 779 864 a
801 795 995 889 magistratu
1016 796 1251 890 interrogatus,
1269 797 1294 864 in

247 901 412 997 publicum
434 917 471 970 nt
492 916 654 996 praestet3
684 924 704 970 a
727 925 792 997 qno
817 914 849 968 et
871 922 972 994 quom
993 900 1189 996 respondet,
1212 901 1292 970 dicit:

246 1005 364 1078 Praes.
397 1003 469 1076 Vas
494 1003 677 1101 appellatus
701 1005 757 1101 qui
779 1028 839 1100 pro
862 1003 964 1077 altero
986 1006 1210 1076 vadimonium
1232 1033 1293 1102 pro·

246 1111 406 1180 mittebat.
430 1107 649 1180 Consuetudo
674 1126 744 1178 erat
766 1136 865 1206 quom
887 1135 963 1180 reus
985 1134 1101 1205 parum
1125 1129 1215 1182 esset
1237 1112 1292 1182 ido·

246 1241 330 1287 nens
352 1214 492 1310 inceptis
514 1215 631 1300 rebus,
659 1230 697 1283 nt
716 1239 778 1310 pro
802 1240 839 1285 se
862 1214 962 1286 alium
985 1215 1093 1302 daret3
1116 1241 1138 1286 a
1162 1240 1229 1314 quo
1250 1241 1292 1286 ce-

246 1447 326 1532 qood
352 1447 415 1513 sine
439 1445 559 1545 sponte]
594 1447 727 1510 Floreat.
748 1447 842 1508 ΗΜ.
867 1447 986 1533 Sciopp.
1012 1481 1053 1496 -
1085 1463 1116 1512 et
1139 1455 1224 1531 qued
1242 1453 1292 1513 sine

284 1544 385 1607 sponte
403 1543 502 1592 cetero.

242 1621 360 1706 dicunt]
381 1627 456 1688 dicit
476 1625 611 1688 vertras.

244 1735 340 1796 neque
360 1710 425 1795 ille]
446 1735 538 1792 neque
556 1715 618 1773 illa
636 1711 731 1774 Hsvn.

245 1809 315 1874 dicit
333 1805 516 1892 adolescens]
538 1811 616 1870 diem
634 1809 809 1870 adulescens
826 1808 920 1872 Hem.
945 1799 949 1808 ¹

244 1902 346 1991 praes]
363 1929 433 1982 pres
452 1905 586 1966 Florent.

244 2023 340 2083 neque
360 1999 453 2083 idem]
475 2025 565 2080 neque
584 2002 651 2062 ideo
671 1997 803 2061 Floreat.
822 1999 916 2063 Haeo.

241 2117 262 2160 a
287 2097 390 2196 quibus
410 2095 456 2177 hs]
490 2095 619 2158 Florent.
644 2095 718 2157 Cod.
738 2097 772 2156 B.
792 2097 870 2158 Edit
891 2097 983 2194 priuc.
1003 2109 1063 2158 vet
1083 2129 1125 2144 -
1159 2119 1180 2156 es
1199 2099 1293 2176 emtus

284 2201 317 2238 m
337 2177 429 2237 ΗΜ.
450 2175 537 2236 [thol.
559 2177 634 2236 Ven.
655 2177 725 2236 l.ll.
747 2209 787 2222 -
806 2199 827 2236 a
847 2180 950 2254 quibus
970 2179 997 2239 ii
1014 2175 1083 2238 Ald.
1104 2177 1191 2238 Bssit.
1212 2178 1291 2238 Paris

286 2255 400 2339 Gryph.
420 2255 508 2339 Vulg.
533 2255 633 2316 Vertr.
654 2255 773 2338 Sciopp.

244 2351 294 2414 sed
312 2372 329 2414 e
349 2373 382 2414 re
402 2349 510 2434 simile]
532 2373 585 2412 nos
606 2372 640 2411 ex
660 2350 791 2412 Florent.
812 2351 862 2431 qui
880 2354 982 2413 sedere
999 2353 1099 2412 simile
1118 2353 1241 2414 exhibet
1260 2385 1294 2398 -

282 2436 339 2493 sed
357 2455 372 2491 e
392 2456 424 2492 rc
442 2433 540 2492 simili
558 2430 677 2513 Sciopp.
696 2463 736 2477 -
755 2431 852 2490 sedem
869 2433 970 2492 simile
987 2431 1081 2492 Havn.
1101 2436 1217 2493 —sed
1233 2456 1294 2490 aere

282 2513 396 2574 similes
416 2508 490 2572 Cod.
509 2512 545 2571 Β.
565 2542 606 2556 -
638 2512 694 2571 sed
711 2532 759 2571 ere
777 2511 890 2571 similes
910 2511 987 2572 Edit.
1006 2511 1099 2592 priuo.
1119 2525 1178 2574 vet,
1196 2545 1239 2558 -
1256 2535 1295 2570 se-

284 2593 355 2652 dere
373 2593 484 2651 similes
504 2589 594 2650 Rhol.
613 2623 652 2634 -
686 2614 717 2650 se
728 2591 800 2667 sere
817 2592 931 2651 similes
949 2591 1054 2652 Venet.
1075 2592 1098 2652 l.
1119 2593 1156 2652 ll.
1174 2623 1216 2638 —
1249 2591 1298 2649 sed

284 2672 444 2732 dissimiles
464 2670 531 2731 Ald.
552 2669 615 2730 Bas.
635 2669 700 2730 Par.
722 2667 837 2752 Gryph.
856 2669 943 2754 Vulg.
963 2671 1098 2732 vestran.

242 2767 341 2848 itaque
360 2761 460 2849 praes]
482 2767 586 2844 itaque
602 2789 672 2842 pres
691 2764 822 2825 Florem.
843 2765 921 2826 Edit.
940 2767 1032 2847 princ.
1052 2777 1111 2828 vet.

242 2861 277 2910 ut
296 2843 438 2929 praestet]
459 2861 492 2904 ut
509 2859 622 2921 prestet
642 2843 772 2904 Flos-ent.
793 2845 871 2906 Edit
892 2846 984 2927 princ.
1005 2859 1063 2908 vet·
1083 2841 1172 2907 nost
1193 2845 1296 2906 venet.

283 2929 306 2988 l.
327 2929 363 2986 11.
389 2959 430 2971 -
463 2947 504 2984 an
519 2947 611 3000 praes
630 2938 673 2984 est
694 2923 814 3064 Seiofp.
833 2956 874 2969 -—
907 2939 939 2986 ut
957 2949 1049 3002 praes
1067 2929 1124 2986 siet
1143 2924 1297 2986 Palmerius

281 3030 295 3068 s
316 3005 376 3066 icil.
394 3003 430 3065 sd
450 3004 569 3064 Terent
591 3002 709 3064 Phorm.
730 3002 754 3062 11

281 3029 369 3164 dique
383 3107 476 3161 praes
495 3105 530 3144 ex
549 3093 652 3144 nostro
670 3081 768 3144 affert.

241 3178 832 3341 {induidisiffliscifflfedd‘ii.
853 3259 928 3320 ven.
948 3259 972 3320 1.
993 3261 1029 3320 n.
1049 3257 1119 3321 An.
1144 3261 1211 3321 nas.
1238 3259 1300 3319 ns.

282 3338 398 3422 Gryph.
426 3339 545 3422 Sciopp.
571 3370 612 3384 ·-
646 3340 719 3398 dicit
736 3361 806 3413 pres
825 3338 957 3401 Floreat.
978 3339 1057 3400 Edit.
1082 3339 1176 3424 princ.
1195 3351 1300 3402 vetunt.

281 3452 322 3466 -
342 3420 455 3480 dicitur
471 3441 563 3495 praes
579 3416 698 3502 vulgat
720 3417 857 3479 vestran.

238 3537 297 3600 pro
323 3514 416 3577 altero
441 3507 656 3610 vadimonium]
684 3537 741 3591 pro
767 3515 866 3575 altero
885 3517 1009 3591 spondet
1030 3515 1085 3592 qui
1103 3515 1303 3576 vadimonium

281 3594 417 3658 Goesius.
438 3596 517 3656 conf.
538 3593 656 3656 Graevu
676 3593 795 3676 praefat.
815 3603 886 3654 tom.
908 3595 935 3654 11
954 3593 1077 3676 Antiqq.
1098 3593 1227 3655 Roman.

240 3705 304 3758 erat
323 3687 432 3774 quom]
452 3693 546 3754 Havn.
566 3725 607 3737 -
626 3703 693 3750 erat
713 3713 777 3750 cum
796 3690 896 3752 ceteri.
1029 3715 1037 3732 ⁴

239 3785 379 3930 ineessffis]
400 3789 553 3930 rigmiri:
571 3786 690 3870 vulgat.
709 3817 750 3834 ·-
783 3787 926 3863 incoeptis
946 3787 1067 3870 Sciopp.
1087 3819 1129 3834 —
1154 3787 1187 3846 iss
1210 3787 1305 3864 ceptis

237 3965 326 4026 alium
345 3891 446 4046 delict]
464 3909 552 4024 ⁸Flor-
573 3965 667 4026 Havn.
687 3995 728 4010 -
747 3965 876 4024 eleemos
895 3964 984 4024 daret
1003 3963 1109 4046 reliqtn'
1128 3983 1249 4025 omnes.

240 4057 335 4121 caveri
353 4056 470 4140 postes]
491 4059 596 4122 cavari
608 4073 715 4137 postea
733 4058 866 4121 Floseot.

776 3048 785 3080 ‚
805 3004 842 3081 3,
861 3003 911 3082 28,
930 3027 995 3090 pag.
1015 3005 1084 3067 851.
1104 3005 1181 3068 idem
1200 3005 1296 3066 tacite:
