2714 4686
377 299 533 406 *Lisos
559 299 781 364 DECIMUS.
1049 299 1130 366 Sld-

35 475 226 572 ·quacdam
248 475 347 548 verba
368 493 495 563 netum,
517 503 591 548 com
613 475 816 574 quadruplex
836 473 881 548 sit
900 491 1016 546 nature
1033 499 1111 546 oue·

45 581 160 672 logia.
202 579 242 649 ld
263 607 516 678 nonnunquam,
544 600 580 653 ut
602 583 682 667 dixi,
711 581 893 678 pauciores.
906 579 1033 650 videtur
1052 578 1111 650 ha·

45 686 139 755 hero
161 701 287 780 partes,
315 685 362 756 sic
383 687 480 758 eriam
502 687 584 757 olias
606 688 707 783 pluris
730 704 766 757 ut
788 712 887 784 quom
910 701 977 770 est,
1000 710 1111 781 quem·

47 788 242 860 admodum
265 791 308 860 ad
330 791 391 860 cria
412 817 514 860 unum
537 807 570 862 et
592 792 668 877 duo,
691 791 801 862 sicud
824 819 879 862 sex
902 789 968 859 duo
985 805 1018 860 et
1033 813 1111 885 qoa-

47 909 153 977 tuor,
192 919 275 989 quae
303 911 412 966 tamen
441 896 674 992 quadripartita
703 895 986 993 comprehenditur
1005 893 1112 966 forma

50 997 153 1094 quod
181 997 260 1066 lriua
289 999 332 1069 ad
360 1001 488 1095 singulo
517 1001 740 1086 couleruutur,
779 1001 869 1096 quod
895 1000 931 1067 iu
965 999 1113 1069 oratioue

51 1127 196 1198 quoque
225 1127 461 1200 nonnunquam
488 1107 681 1201 reperietur,
718 1106 802 1175 sicut
828 1103 1009 1174 Diomedes
1033 1127 1111 1172 cou-

48 1209 164 1280 fertor
189 1205 422 1293 Diomedeas,
460 1209 507 1280 sic
535 1210 650 1278 dicitur
679 1210 720 1278 ab
742 1208 901 1278 Hercules
922 1206 1056 1277 Herculi
1079 1222 1112 1276 et

52 1311 276 1395 Herculibus,
314 1329 348 1382 et
373 1330 409 1382 ut
436 1314 497 1384 hoe
519 1313 572 1383 hic
595 1314 636 1382 ab
658 1339 725 1384 uuo
750 1313 854 1410 capite
878 1337 898 1381 a
920 1327 1009 1382 recto
1032 1335 1177 1403 cosu173

51 1417 95 1486 ils
120 1416 187 1486 duo
208 1415 360 1512 obliquos
384 1417 586 1488 descendunt
608 1441 719 1503 casus,
741 1419 788 1487 sic
811 1432 925 1488 contra
946 1411 1046 1486 mulla
1068 1416 1111 1486 ab

55 1520 194 1591 duobus
227 1523 384 1614 capitibus
412 1523 492 1592 recti
520 1546 656 1592 casuum
685 1523 855 1592 conlluout
879 1521 914 1590 iu
943 1519 1112 1614 obliquum

54 1651 176 1698 uuum.
235 1623 322 1698 Nem
350 1642 388 1696 ul
408 1627 448 1697 ab
468 1627 522 1696 his
543 1627 654 1711 rectis,
691 1625 726 1696 hi
747 1625 902 1710 Boebiei,
938 1623 1001 1696 hac
1023 1624 1111 1695 Boe·

57 1945 153 2010 verba
172 1947 287 2029 ustura]
309 1953 392 2012 verba
412 1951 504 2015 Ham.

58 2043 132 2106 alias
150 2041 258 2127 pluris]
283 2045 364 2108 Flor.
384 2047 478 2108 Horo.
498 2046 576 2107 Edil.
596 2045 689 2129 princ.
707 2056 812 2107 vetust-
832 2043 976 2105 Rbolsud.
995 2044 1071 2106 Ver.
1090 2046 1112 2106 1.

105 2125 141 2184 ll.
160 2124 287 2186 Pius-
306 2128 389 2187 alias
404 2129 519 2210 plurer‘s
535 2125 605 2188 old.
625 2127 689 2187 Bas.
708 2125 774 2186 Par.
794 2123 909 2207 Gryph.
930 2123 1018 2208 Vulg.
1038 2125 1113 2186 Ver·

101 2216 176 2264 tren.
197 2204 317 2287 Sciopp.
453 2231 471 2248 ‘-
844 2259 847 2266 Δ

60 2295 172 2381 quom]
191 2299 285 2361 Havu.
304 2333 345 2348 -·
365 2325 428 2362 cum
447 2300 545 2362 ceteri.

60 2393 184 2455 Herculi
204 2393 327 2534 adom·
347 2395 465 2479 vulget.
485 2398 583 2458 Verte.
605 2397 721 2536 Sciopp.
740 2429 781 2442 -
801 2397 895 2478 Supra
915 2393 1049 2456 excidisse
1068 2395 1112 2454 vi-

105 2473 211 2534 dentur
259 2477 430 2548 r'omedr'e13
463 2487 590 2536 celerum
609 2475 664 2536 aliu
739 2475 1051 2549 summouendum,
1079 2484 1112 2536 ut

105 2551 212 2614 docent
230 2575 309 2635 seqq.
323 2587 369 2612 .-
387 2554 470 2616 Fort.
489 2555 615 2616 Herculi
630 2571 659 2616 et
679 2497 817 2616 illimus
836 2553 903 2615 coll.
924 2555 1011 2631 Vlll,
1032 2555 1078 2616 ll.

62 2645 131 2732 hic]
152 2669 207 2716 om·
226 2650 320 2712 ΗΜ.
339 2683 379 2698 -·
399 2651 463 2710 heic
481 2648 569 2734 Vulg.

63 2743 198 2824 erecto]
219 2769 256 2806 oc
274 2759 350 2807 recto
371 2744 451 2806 Flor.
470 2778 511 2791 -
530 2758 558 2806 et
579 2758 656 2806 recto
676 2745 770 2808 Horu.

63 2841 94 2902 iu
116 2839 173 2899 duo
194 2837 345 2978 obliquos]
373 2840 452 2901 Flor.
472 2841 566 2922 Hayu.
585 2839 673 2901 Rhol.
694 2841 769 2903 Veu.
788 2841 812 2902 l.
831 2843 869 2904 11.
887 2839 954 2901 old.
974 2833 1039 2900 llos.
1058 2840 1112 2900 Pe·

103 2917 347 3082 {iffillsspjp‘
367 2923 399 2982 r'n
420 2923 493 2981 duos
513 2921 645 2999 obliquos
663 2921 717 2980 Ed.
738 2922 831 3003 princ.
851 2933 909 2984 vet.
930 2918 1017 3002 Vulg.
1038 2919 1113 2980 Ver·-

64 3093 101 3154 eb
123 3091 248 3172 duobus]
268 3093 349 3154 Flor.
370 3093 464 3157 ΗΜ.
483 3127 523 3142 -·
543 3118 564 3155 a
585 3097 695 3156 duobus
712 3094 826 3176 reliqui.

64 3187 139 3249 recti
159 3185 290 3285 casuqm]
322 3189 403 3250 Flor.
423 3191 515 3252 Hrvu.
535 3189 628 3275 vulg.
643 3191 743 3252 Verte.
764 3189 883 3274 Sciopp.
902 3224 942 3237 -
971 3193 1047 3252 recti
1064 3213 1114 3252 co·

104 3291 167 3328 sum
185 3269 299 3349 reliqui.

66 3362 231 3445 obliquom]
252 3363 333 3424 Flor.
353 3397 393 3411 -
412 3365 560 3444 obliquum
579 3363 691 3446 reliqui.

67 3459 112 3520 lris
137 3457 238 3538 rectis]
272 3459 335 3520 heis
358 3463 462 3520 recreo
486 3461 537 3521 lm·
559 3461 681 3522 Boebr'er’
697 3505 706 3522 .
725 3506 735 3521 .
753 3461 817 3524 deis
842 3461 975 3523 Boebier's
996 3507 1004 3522 .
1024 3507 1032 3523 .
1052 3463 1114 3524 leis

109 3539 159 3598 her'
176 3538 290 3599 Coelr'er'
306 3581 315 3598 .
335 3581 343 3597 .
365 3539 428 3600 der’s
447 3538 570 3600 Codicis
589 3540 675 3624 Vulg.

67 3633 99 3695 lri
118 3631 238 3716 Boebir]
264 3635 398 3696 Vertren.
418 3635 519 3716 Siopp.
538 3667 579 3682 -
598 3637 648 3696 lm'
664 3636 786 3698 Boebr‘er'
801 3634 890 3720 Vulg.
909 3669 950 3682 -
969 3635 1004 3698 dr'
1020 3639 1117 3700 oelier‘

109 3714 187 3774 Flos.
208 3747 249 3762 -·
275 3715 311 3774 lu'
326 3715 430 3775 Aebicr'
446 3715 539 3776 flavo.
558 3749 598 3762 -
619 3716 654 3775 lrr'
671 3717 747 3776 cbr'er'
764 3716 817 3776 Ed.
859 3717 929 3777 rinc.
949 3728 1054 3778 retusi.
1073 3749 1114 3764 -

110 3793 144 3853 1ιί
160 3794 253 3868 oillei
267 3791 411 3854 Rholeud.
432 3794 536 3856 Vener.
555 3795 577 3854 l.
596 3796 632 3856 ll.
652 3793 720 3855 Ald.
741 3795 825 3856 Basil.
838 3738 932 3856 l’aris
952 3793 1067 3879 Gryph.

69 3888 123 3949 lore
141 3885 283 3972 Boebise]
303 3887 391 3972 Vulg.
411 3888 509 3950 Vertr.
528 3888 646 3972 Sciopp.
664 3922 705 3935 -
725 3889 783 3950 bae
800 3893 901 3952 lebias
919 3889 999 3951 Flor.
1020 3891 1113 3951 Hero.

110 3987 164 4028 sec.
184 3989 280 4040 mrum
301 3970 358 4029 Irae
377 3969 491 4028 debitae
510 3991 555 4050 pr.
575 3991 614 4028 m.
634 4001 673 4014 -·
693 3969 729 4027 he
749 3971 824 4031 br'br‘e
843 3971 921 4031 Elio
942 3969 1034 4051 princ.
1053 3983 1111 4031 vet.

109 4079 148 4094 -
167 4047 224 4108 lae
243 4049 342 4111 libias
361 4046 448 4109 Rbol.
468 4045 542 4110 Vco.
563 4050 585 4109 1.
606 4049 643 4109 ll.
662 4045 730 4109 Ald.
750 4049 813 4112 Bas.
832 4050 898 4111 Por.
919 4047 1033 4132 Gryph.
