2736 4676
473 287 740 361 rotronis.
1035 323 1134 374 nm

16 465 18 524 ε
78 463 245 562 egeres
265 458 420 554 meent,
450 461 549 562 quot
567 441 751 562 siphnio
770 469 810 542 a
834 471 932 546 nom
949 469 1003 546 aa
1024 471 1135 570 sym.

15 617 17 634 “
79 598 273 687 muham,
302 594 404 670 idem
428 596 469 670 in
491 593 817 676 VarroneFulvio
846 601 1023 679 accidisse
1050 630 1135 682 een·

80 741 199 808 fleant
250 725 366 848 'Quod
388 727 641 826 qualecunque
661 740 729 820 est,
749 753 889 810 novam
908 733 1005 810 hane
1024 749 1136 839 atque

82 865 268 962 egregiam
290 863 543 934 recensionem
564 855 688 936 Ursini
714 865 831 958 magis
854 865 1003 961 ingenio
1022 892 1134 970 qnam

79 996 257 1096 Scioppis
276 993 403 1076 debui
417 993 663 1069 certissimum
684 1005 759 1084 επις
781 997 907 1072 omnia
925 1000 1026 1074 enim
1040 1021 1135 1100 qnae

12 1199 13 1206 a
83 1131 142 1202 vir
162 1129 229 1200 iiie
256 1125 490 1200 doctissimus
511 1123 624 1200 modo
643 1126 826 1206 ¹lectorem
856 1129 1049 1204 certiorem
1077 1132 1133 1208 sa-

82 1262 203 1348 tiens,
232 1257 346 1332 modo
372 1265 544 1337 veterum
570 1279 676 1332 more
701 1257 978 1338 emendationes
1008 1274 1135 1342 tacens

83 1414 136 1466 ex
160 1393 327 1465 Varrone
355 1390 417 1465 eui
438 1389 666 1474 retmerdo
693 1390 798 1467 bonis
824 1390 971 1469 adiutus
1002 1395 1135 1472 codici·

9 1579 10 1598 t
86 1524 152 1598 hm
175 1521 291 1621 (oeni.
313 1542 397 1620 pag.
412 1518 501 1616 268)
523 1523 682 1600 muittnn
698 1522 877 1598 tribuerat
897 1533 1054 1632 tempusJ
1067 1551 1134 1604 va·

8 1692 9 1710 2
85 1659 147 1732 riis
170 1658 212 1730 in
237 1654 343 1768 tibris
362 1665 527 1728 eomeeta
547 1655 717 1752 protulit,
749 1653 967 1755 aSeioppio
988 1669 1137 1760 reoepta

7 1831 9 1876 f
84 1790 193 1885 laps,
233 1787 275 1862 in
294 1787 413 1864 ¹onius
441 1785 602 1860 editione
630 1795 669 1858 et
698 1795 929 1865 vetustorum
958 1789 1135 1867 libronnn

6 1935 9 2036 ;
85 1921 285 2020 rniptnres
306 1927 345 1992 et
363 1918 524 2016 optimas
547 1939 703 2016 quarum
721 1939 899 2016 magnam
914 1931 1059 2018 partem
1070 1946 1136 1999 ve·

6 2133 7 2144 g
83 2075 164 2129 ram
189 2052 369 2128 Varronis
388 2072 542 2124 manmn
562 2047 767 2126 reddidisse
787 2062 896 2149 puto,
925 2053 1070 2128 edamsi
1096 2056 1136 2130 in

85 2185 211 2262 monis
267 2195 305 2256 et
345 2184 515 2282 inprimis
552 2181 592 2254 in
627 2182 817 2258 sententiis
854 2184 1136 2284 transponendis

83 2321 239 2398 modum
261 2329 389 2394 tenere
411 2326 539 2392 auetor
559 2313 755 2409 ignoravit,
774 2312 1051 2392 emendationes
1073 2317 1138 2392 de-

86 2453 360 2556 prehendimus
408 2448 453 2522 ln
473 2449 640 2544 margine
669 2467 757 2522 raro
786 2444 949 2522 Tomebi
979 2450 1041 2522 vei
1068 2445 1137 2524 Ur·

87 2590 153 2662 sini
173 2593 362 2685 apparent
381 2581 614 2676 conjecturae
637 2588 675 2650 et
697 2577 826 2654 litteris
847 2603 881 2678 q.
907 2579 945 2652 V.
972 2581 1010 2654 0.
1033 2550 1137 2656 nota-

88 2731 145 2794 tae
166 2718 359 2804 lectiones,
392 2711 523 2810 quihus
544 2733 621 2786 non
643 2727 780 2804 magna
800 2707 891 2786 tides
914 2711 1136 2808 praestanda

87 2865 150 2928 at.
171 2849 251 2928 vid.
274 2845 359 2946 pag.
383 2843 468 2920 art.

184 3091 230 3166 In
254 3088 315 3162 lris
327 3083 504 3160 Varronis
525 3077 741 3177 fragmentis
754 3079 817 3178 qui
834 3087 953 3154 artem
975 3067 1137 3156 criticam

87 3244 264 3299 enereere
287 3217 449 3307 student,
470 3212 564 3288 duas
584 3211 786 3286 contrarias
805 3231 956 3310 prorsus
978 3211 1139 3288 rationes

87 3359 160 3432 alte
184 3357 226 3430 in
246 3351 429 3428 memoria
454 3356 615 3436 teneant,
644 3365 759 3418 unam
780 3355 822 3417 ut
845 3353 883 3416 et
902 3340 966 3416 ubi
986 3353 1024 3416 et
1046 3366 1140 3440 quae

88 3487 298 3562 exciderint
320 3480 455 3569 verba,
487 3480 687 3578 exquirant
707 3487 818 3574 etque
840 3477 996 3552 lacunae
1018 3475 1140 3548 iocum

89 3618 306 3706 ostendant,
333 3616 490 3689 aiteram
509 3622 552 3684 nt
574 3611 797 3706 glossemata
825 3617 863 3679 et
891 3605 1141 3703 interpolatio-

92 3777 174 3828 nem
199 3773 297 3850 qnae
318 3755 497 3846 quantum
513 3743 554 3816 in
574 3741 642 3817 hos
663 3750 831 3836 grassata
847 3739 921 3812 sint
940 3738 1054 3816 libros
1070 3738 1140 3812 vix

92 3883 239 3972 eredas,
269 3878 399 3954 sedulo
423 3875 625 3975 expellant.
672 3870 780 3947 Nunc
811 3891 931 3969 pauca
958 3867 1142 3968 quaedam

94 4015 139 4090 de
165 4010 461 4112 interpolationis
491 4029 623 4104 genere
652 4003 846 4078 addamus.
895 4000 986 4076 Tres
1009 4021 1143 4076 manus

97 4147 260 4224 diversas
281 4145 353 4220 hoe
377 4164 471 4244 opus
494 4139 718 4240 explanasse
740 4145 777 4208 et
799 4131 1017 4209 emendasse
1040 4133 1143 4204 inve·
