2578 4678
252 241 312 304 otu
589 231 751 303 ‘moult
780 233 952 342 NONUS:

190 427 243 484 too
254 431 324 487 tum
351 411 430 510 polo
458 413 608 509 superior
636 414 747 500 abest,
786 431 820 486 et
849 415 944 488 abest
966 430 999 486 et
1022 437 1043 484 a
1064 413 1251 510 septentrionali

255 519 401 592 circumit
430 519 576 590 cumbis
598 517 642 588 ad
664 518 857 605 solstitium,
894 518 1088 592 tantundem
1108 519 1186 588 abest
1201 517 1249 586 inle

254 619 322 692 rior
350 619 391 688 ab
420 645 461 690 eo
493 647 590 718 quem
620 613 851 726 datoquttudt
873 637 994 693 vocant
1015 619 1175 714 astrologi,
1203 619 1249 689 etis

181 801 213 823 ..
256 725 300 794 ad
326 722 530 796 brumalem?
567 751 652 816 nou,
690 727 969 823 quemadmodum
997 726 1145 822 quodque
1169 726 1250 818 sigum

257 845 403 900 exortum
425 827 490 898 hoc
514 855 619 917 auno,
660 831 919 928 quotquotannis
944 831 1064 902 eodem
1084 828 1171 900 modo
1188 827 1249 896 eseri-

255 937 331 1006 tur?
392 929 482 1005 Num
505 933 597 1005 aliter
619 935 671 1006 sol
695 961 715 1006 a
737 937 853 1011 bruma
874 937 963 1006 venit
985 935 1030 1004 ad
1050 933 1249 1030 aequinoctium?

256 1063 299 1110 an
330 1055 444 1110 contra
473 1065 547 1108 cum
571 1040 614 1110 ad
637 1039 828 1128 solstitium,
866 1041 955 1112 venit
976 1041 1022 1112 ad
1044 1033 1249 1136 aequinoctialem

144 1207 145 1217 ,
258 1143 428 1228 circulum,
452 1143 581 1216 atinde
605 1146 649 1214 ad
670 1146 842 1218 brumam?
886 1143 1008 1216 Nonne
1029 1143 1114 1226 luna,
1132 1159 1163 1210 ut
1178 1166 1192 1209 a
1206 1139 1249 1210 sole

259 1247 397 1318 discedit
424 1247 467 1318 ad
496 1249 684 1346 aquilonem
712 1266 745 1320 et
771 1250 849 1322 inde
876 1249 962 1320 redit
988 1249 1024 1319 iu
1052 1245 1173 1318 eandem
1186 1245 1248 1324 eiam

259 1352 306 1424 sic
333 1353 410 1423 inde
439 1351 540 1424 fertur
569 1355 613 1426 ad
640 1371 787 1425 austrum
818 1372 851 1425 et
875 1354 1058 1450 regreditur
1081 1351 1166 1422 inde?
1210 1349 1249 1418 set

260 1456 338 1556 qnid
366 1457 460 1553 plura
488 1458 529 1529 de
557 1459 670 1546 astris,
706 1459 763 1530 ubi
793 1459 957 1530 difficilius
979 1457 1130 1556 reperitur
1148 1453 1249 1553 quidsit

259 1579 317 1635 ant
337 1563 394 1632 liat
414 1563 448 1632 in
470 1561 613 1632 motibus
638 1563 855 1635 dissimiliter?

349 1677 401 1746 19.
445 1665 491 1738 At
512 1667 547 1738 in
568 1668 665 1754 mari,
703 1669 818 1758 credo,
852 1685 963 1739 motus
986 1695 1055 1740 uon
1075 1665 1181 1738 halent
1196 1661 1250 1734 dissi·

260 1942 500 2086 polsosuperior]
517 1947 588 2024 polo
607 1947 757 2025 superiori
773 1946 874 2008 Verte.
892 1978 933 1992 -
948 1947 1038 2024 polus
1054 1943 1174 2023 ruamur
1189 1937 1251 2020 δή

324 2045 420 2109 etopp.
513 2043 515 2048 ·
956 2059 958 2063 -

261 2131 293 2182 et
311 2119 391 2182 abest
411 2165 419 2180 .
441 2164 449 2181 .
470 2165 478 2182 .
497 2117 594 2204 abest]
615 2141 672 2182 om.
693 2119 768 2183 Cod.
788 2119 824 2181 B.
843 2119 931 2204 Vulg.
951 2120 1088 2182 vertrae.
1102 2151 1140 2167 -
1155 2141 1174 2178 a
1186 2129 1253 2194 septu

301 2202 430 2262 trientali
447 2202 557 2262 circulo
578 2204 660 2263 adest
681 2201 800 2282 Sciopp.

261 2309 293 2358 et
311 2292 344 2377 a]
365 2295 445 2398 Ποῖ.
466 2295 543 2357 Edit.
562 2296 654 2380 princ.
673 2307 777 2358 vetunt.
797 2329 838 2342 -
858 2319 878 2356 a
898 2261 997 2356 ceteri.
1224 2371 1229 2384 Ι

262 2369 463 2456 simmam]
483 2378 550 2436 arti
566 2379 683 2438 artt'con
702 2375 783 2436 Flor.
802 2375 857 2470 Ed.
879 2375 969 2456 princ.
990 2385 1096 2470 vet-
1113 2375 1254 2434 antianum

301 2453 647 2597 {l'qulmllquamlflstn-
680 2451 862 2536 detegamur
882 2468 1081 2514 antarcticum
1099 2453 1186 2516 Codex
1200 2451 1255 2508 ll-

263 2627 412 2710 exortum]
433 2643 581 2690 extortum
600 2631 698 2692 Editio
719 2629 810 2712 princ.
830 2641 889 2692 vel·

264 2721 411 2792 quotquot
429 2707 524 2789 aunis]
546 2713 628 2788 quod
645 2723 784 2788 quotquot
804 2711 892 2770 annis
911 2708 992 2769 Flor.
1013 2709 1106 2772 Haun-
1123 2707 1189 2767 Edit
1203 2701 1258 2785 prio:

302 2801 408 2850 vetusl.
429 2789 517 2849 Rhol.
536 2822 577 2836 —
597 2791 700 2850 annau
717 2809 800 2850 more
819 2810 872 2850 suo
892 2789 980 2872 Vulg.
999 2821 1041 2835 -
1066 2787 1204 2867 quotannis
1216 2783 1259 2838 lu·

301 2881 377 2930 tran
399 2868 516 2952 Seiopp.

263 2985 332 3025 num
352 2961 450 3044 aliter]
472 2989 529 3025 uon
549 2968 643 3025 aliter
661 2965 767 3026 Venet-
787 2966 810 3025 l.
831 2965 867 3026 ll.
886 2963 954 3026 Ald.
973 2964 1038 3026 Bas.
1057 2957 1121 3026 Par.
1139 2958 1227 3044 qut

263 3043 308 3106 sol
327 3065 344 3104 a
363 3040 481 3128 bruma]
506 3045 586 3105 Flor.
607 3043 725 3126 Sciopp.
745 3075 785 3090 -
803 3047 870 3104 sola
890 3047 993 3106 bruma
1013 3043 1126 3126 reliqui.

262 3121 344 3186 veuit
361 3121 397 3184 ad
417 3167 424 3182 .
448 3167 455 3182 .
476 3168 484 3184 .
503 3119 675 3207 solstitium]
695 3144 758 3192 om„
773 3124 866 3186 Ham.

262 3199 390 3341 ilidii
409 3202 611 3344 1Il'ldilllavn.
629 3316 670 3330 -
689 3305 710 3342 a
730 3283 802 3344 solis
822 3284 868 3344 eia
890 3283 1008 3366 Sciopp.
1022 3315 1062 3330 -
1081 3305 1102 3344 a
1120 3281 1175 3342 sole
1190 3265 1261 3350 reliqtl

264 3359 381 3421 eandem
418 3364 518 3422 eodem
536 3365 629 3425 llam.

261 3439 354 3510 ‘viam3
374 3435 431 3522 sic]
453 3443 528 3502 oium
549 3457 577 3502 et
596 3445 640 3504 sic
658 3441 726 3502 Ald.
744 3439 809 3502 Bas.
830 3439 920 3504 Paris.
940 3439 1056 3524 Gryph.

264 3515 364 3613 astris]
384 3523 493 3580 astreis
511 3521 598 3606 Vulg.
882 3587 885 3592 ,

265 3596 424 3682 reperetur]
444 3603 589 3678 repetitur
607 3600 684 3662 Edit
704 3599 795 3684 princ.
813 3611 871 3664 vet.

675 3783 785 3868 Cap.
825 3784 907 3844 xlx

267 3910 309 3975 At
333 3912 364 3971 iu
389 3909 475 3990 mari]
509 3935 550 4004 qn
570 3914 600 3972 r'u
621 3914 702 3974 mari
717 3911 785 3974 ald.
805 3911 891 3976 Basil.
911 3911 1001 3976 Paris.
1022 3911 1134 3996 Grrrh.
1151 3943 1185 3960 ·-
1208 3901 1259 3964 Μ

305 3993 408 4054 amari
424 3993 518 4054 Havu.
537 4014 583 4075 pr.
603 4013 641 4062 na·
673 4059 683 4080 ,
