<?xml version="1.0" encoding="UTF-8"?>
<!DOCTYPE html PUBLIC "-//W3C//DTD XHTML 1.0 Transitional//EN"
    "http://www.w3.org/TR/xhtml1/DTD/xhtml1-transitional.dtd">
<html xmlns="http://www.w3.org/1999/xhtml" xml:lang="en" lang="en">
 <head>
  <title>
</title>
<meta http-equiv="Content-Type" content="text/html;charset=utf-8" />
  <meta name='ocr-system' content='tesseract 3.04.00' />
  <meta name='ocr-capabilities' content='ocr_page ocr_carea ocr_par ocr_line ocrx_word'/>
</head>
<body>
  <div class='ocr_page' id='page_1' title='image "./mterentivarroni00prisgoog/mterentivarroni00prisgoog_0284.png"; bbox 0 0 2628 4672; ppageno 0'>
   <div class='ocr_carea' id='block_1_1' title="bbox 249 255 1075 364">
    <p class='ocr_par' dir='ltr' id='par_1_1' title="bbox 249 255 1075 364">
     <span class='ocr_line' id='line_1_1' title="bbox 249 255 1075 364; baseline 0.01 -8"><span class='ocrx_word' id='word_1_1' title='bbox 249 291 728 359; x_wconf 82' lang='lat' dir='ltr'><strong>··u1nuasuxaus.</strong></span> <span class='ocrx_word' id='word_1_2' title='bbox 850 255 855 271; x_wconf 60' lang='lat'><strong><em>⁴</em></strong></span> <span class='ocrx_word' id='word_1_3' title='bbox 1014 295 1075 364; x_wconf 64' lang='lat' dir='ltr'><strong>ua</strong></span> 
     </span>
    </p>
   </div>
   <div class='ocr_carea' id='block_1_2' title="bbox 27 469 1074 1394">
    <p class='ocr_par' dir='ltr' id='par_1_2' title="bbox 27 469 1074 1394">
     <span class='ocr_line' id='line_1_2' title="bbox 28 469 1074 568; baseline 0.002 -28"><span class='ocrx_word' id='word_1_4' title='bbox 28 485 130 542; x_wconf 87' lang='lat' dir='ltr'><strong>moute</strong></span> <span class='ocrx_word' id='word_1_5' title='bbox 160 495 200 542; x_wconf 79' lang='lat' dir='ltr'><strong>ex</strong></span> <span class='ocrx_word' id='word_1_6' title='bbox 225 469 331 540; x_wconf 83' lang='lat' dir='ltr'><strong>&#39;sacris</strong></span> <span class='ocrx_word' id='word_1_7' title='bbox 362 493 493 540; x_wconf 85' lang='lat' dir='ltr'><strong>caruero</strong></span> <span class='ocrx_word' id='word_1_8' title='bbox 516 486 626 568; x_wconf 86' lang='lat' dir='ltr'><strong>petere</strong></span> <span class='ocrx_word' id='word_1_9' title='bbox 648 471 781 544; x_wconf 76' lang='lat' dir='ltr'><strong>fuit&#39;ius</strong></span> <span class='ocrx_word' id='word_1_10' title='bbox 806 497 879 542; x_wconf 84' lang='lat' dir='ltr'><strong>cuna</strong></span> <span class='ocrx_word' id='word_1_11' title='bbox 901 469 1074 558; x_wconf 86' lang='lat' dir='ltr'><strong>Romanis,</strong></span> 
     </span>
     <span class='ocr_line' id='line_1_3' title="bbox 28 574 1073 672; baseline 0 -26"><span class='ocrx_word' id='word_1_12' title='bbox 28 576 185 672; x_wconf 82' lang='lat' dir='ltr'><strong>aquibus</strong></span> <span class='ocrx_word' id='word_1_13' title='bbox 213 575 342 646; x_wconf 85' lang='lat' dir='ltr'><strong>Latinis</strong></span> <span class='ocrx_word' id='word_1_14' title='bbox 372 574 514 646; x_wconf 81' lang='lat' dir='ltr'><strong>Latinae</strong></span> <span class='ocrx_word' id='word_1_15' title='bbox 541 575 656 646; x_wconf 83' lang='lat' dir='ltr'><strong>dictae.</strong></span> <span class='ocrx_word' id='word_1_16' title='bbox 717 575 927 648; x_wconf 74' lang='lat' dir='ltr'><strong>sementinae</strong></span> <span class='ocrx_word' id='word_1_17' title='bbox 956 575 1073 656; x_wconf 81' lang='lat' dir='ltr'><strong>Feriao</strong></span> 
     </span>
     <span class='ocr_line' id='line_1_4' title="bbox 29 680 1073 777; baseline 0 -27"><span class='ocrx_word' id='word_1_18' title='bbox 29 681 89 752; x_wconf 86' lang='lat' dir='ltr'><strong>dies</strong></span> <span class='ocrx_word' id='word_1_19' title='bbox 110 681 158 764; x_wconf 88' lang='lat' dir='ltr'><strong>is,</strong></span> <span class='ocrx_word' id='word_1_20' title='bbox 181 681 238 776; x_wconf 89' lang='lat' dir='ltr'><strong>qui</strong></span> <span class='ocrx_word' id='word_1_21' title='bbox 260 705 280 748; x_wconf 91' lang='lat' dir='ltr'><strong>a</strong></span> <span class='ocrx_word' id='word_1_22' title='bbox 301 680 509 776; x_wconf 80' lang='lat' dir='ltr'><strong>pontificibus</strong></span> <span class='ocrx_word' id='word_1_23' title='bbox 534 680 654 765; x_wconf 79' lang='lat' dir='ltr'><strong>dictus3</strong></span> <span class='ocrx_word' id='word_1_24' title='bbox 678 681 860 777; x_wconf 73' lang='lat' dir='ltr'><strong>appellatus</strong></span> <span class='ocrx_word' id='word_1_25' title='bbox 883 704 904 748; x_wconf 89' lang='lat' dir='ltr'><strong>a</strong></span> <span class='ocrx_word' id='word_1_26' title='bbox 926 697 1073 750; x_wconf 85' lang='lat' dir='ltr'><strong>semente</strong></span> 
     </span>
     <span class='ocr_line' id='line_1_5' title="bbox 29 783 1074 884; baseline -0.002 -28"><span class='ocrx_word' id='word_1_27' title='bbox 29 787 108 884; x_wconf 80' lang='lat' dir='ltr'><strong>quod</strong></span> <span class='ocrx_word' id='word_1_28' title='bbox 144 785 281 856; x_wconf 79' lang='lat' dir='ltr'><strong>sationis</strong></span> <span class='ocrx_word' id='word_1_29' title='bbox 320 811 418 855; x_wconf 86' lang='lat' dir='ltr'><strong>causa</strong></span> <span class='ocrx_word' id='word_1_30' title='bbox 456 801 637 880; x_wconf 75' lang='lat' dir='ltr'><strong>susceptae.</strong></span> <span class='ocrx_word' id='word_1_31' title='bbox 697 785 886 878; x_wconf 88' lang='lat' dir='ltr'><strong>Paganicae</strong></span> <span class='ocrx_word' id='word_1_32' title='bbox 926 783 1074 854; x_wconf 87' lang='lat' dir='ltr'><strong>eiusdem</strong></span> 
     </span>
     <span class='ocr_line' id='line_1_6' title="bbox 28 889 1072 985; baseline 0 -25"><span class='ocrx_word' id='word_1_33' title='bbox 28 889 231 985; x_wconf 80' lang='lat' dir='ltr'><strong>agriculturae</strong></span> <span class='ocrx_word' id='word_1_34' title='bbox 255 913 353 960; x_wconf 88' lang='lat' dir='ltr'><strong>causa</strong></span> <span class='ocrx_word' id='word_1_35' title='bbox 376 905 549 985; x_wconf 81' lang='lat' dir='ltr'><strong>susceptae</strong></span> <span class='ocrx_word' id='word_1_36' title='bbox 564 905 600 958; x_wconf 83' lang='lat' dir='ltr'><strong>ut</strong></span> <span class='ocrx_word' id='word_1_37' title='bbox 614 889 773 962; x_wconf 84' lang='lat' dir='ltr'><strong>haherent</strong></span> <span class='ocrx_word' id='word_1_38' title='bbox 787 890 822 960; x_wconf 88' lang='lat' dir='ltr'><strong>in</strong></span> <span class='ocrx_word' id='word_1_39' title='bbox 839 889 924 984; x_wconf 87' lang='lat' dir='ltr'><strong>agris</strong></span> <span class='ocrx_word' id='word_1_40' title='bbox 941 915 1072 974; x_wconf 78' lang='lat' dir='ltr'><strong>omnes3</strong></span> 
     </span>
     <span class='ocr_line' id='line_1_7' title="bbox 27 993 1071 1090; baseline -0.002 -26"><span class='ocrx_word' id='word_1_41' title='bbox 27 1020 121 1090; x_wconf 84' lang='lat' dir='ltr'><strong>pagus</strong></span> <span class='ocrx_word' id='word_1_42' title='bbox 148 994 237 1064; x_wconf 88' lang='lat' dir='ltr'><strong>uude</strong></span> <span class='ocrx_word' id='word_1_43' title='bbox 266 995 447 1089; x_wconf 84' lang='lat' dir='ltr'><strong>paganicae</strong></span> <span class='ocrx_word' id='word_1_44' title='bbox 479 994 584 1064; x_wconf 81' lang='lat' dir='ltr'><strong>dictae</strong></span> <span class='ocrx_word' id='word_1_45' title='bbox 614 1011 699 1071; x_wconf 85' lang='lat' dir='ltr'><strong>sunt,</strong></span> <span class='ocrx_word' id='word_1_46' title='bbox 758 995 933 1064; x_wconf 86' lang='lat' dir='ltr'><strong>Praeterea</strong></span> <span class='ocrx_word' id='word_1_47' title='bbox 955 993 984 1062; x_wconf 88' lang='lat' dir='ltr'>F</span> <span class='ocrx_word' id='word_1_48' title='bbox 986 995 1071 1064; x_wconf 79' lang='lat' dir='ltr'><strong>oriae</strong></span> 
     </span>
     <span class='ocr_line' id='line_1_8' title="bbox 29 1096 1071 1196; baseline -0.002 -29"><span class='ocrx_word' id='word_1_49' title='bbox 29 1098 257 1196; x_wconf 74' lang='lat' dir='ltr'><strong>Conceptivae,</strong></span> <span class='ocrx_word' id='word_1_50' title='bbox 295 1125 380 1194; x_wconf 86' lang='lat' dir='ltr'><strong>quae</strong></span> <span class='ocrx_word' id='word_1_51' title='bbox 403 1125 471 1169; x_wconf 88' lang='lat' dir='ltr'><strong>non</strong></span> <span class='ocrx_word' id='word_1_52' title='bbox 495 1115 570 1169; x_wconf 89' lang='lat' dir='ltr'><strong>sunt</strong></span> <span class='ocrx_word' id='word_1_53' title='bbox 592 1099 743 1184; x_wconf 87' lang='lat' dir='ltr'><strong>annales,</strong></span> <span class='ocrx_word' id='word_1_54' title='bbox 772 1115 809 1168; x_wconf 90' lang='lat' dir='ltr'><strong>ut</strong></span> <span class='ocrx_word' id='word_1_55' title='bbox 830 1099 892 1168; x_wconf 87' lang='lat' dir='ltr'><strong>hae</strong></span> <span class='ocrx_word' id='word_1_56' title='bbox 917 1122 999 1193; x_wconf 92' lang='lat' dir='ltr'><strong>quae</strong></span> <span class='ocrx_word' id='word_1_57' title='bbox 1024 1096 1071 1165; x_wconf 87' lang='lat' dir='ltr'><strong>di·</strong></span> 
     </span>
     <span class='ocr_line' id='line_1_9' title="bbox 30 1203 1072 1300; baseline 0.001 -29"><span class='ocrx_word' id='word_1_58' title='bbox 30 1219 134 1272; x_wconf 81' lang='lat' dir='ltr'><strong>cuutur</strong></span> <span class='ocrx_word' id='word_1_59' title='bbox 163 1203 232 1272; x_wconf 87' lang='lat' dir='ltr'><strong>sinc</strong></span> <span class='ocrx_word' id='word_1_60' title='bbox 262 1204 394 1298; x_wconf 89' lang='lat' dir='ltr'><strong>proprio</strong></span> <span class='ocrx_word' id='word_1_61' title='bbox 424 1203 602 1289; x_wconf 80' lang='lat' dir='ltr'><strong>vocabulo,</strong></span> <span class='ocrx_word' id='word_1_62' title='bbox 642 1221 698 1274; x_wconf 83' lang='lat' dir='ltr'><strong>aut</strong></span> <span class='ocrx_word' id='word_1_63' title='bbox 727 1231 803 1275; x_wconf 91' lang='lat' dir='ltr'><strong>cum</strong></span> <span class='ocrx_word' id='word_1_64' title='bbox 831 1203 1004 1300; x_wconf 89' lang='lat' dir='ltr'><strong>perspicuo</strong></span> <span class='ocrx_word' id='word_1_65' title='bbox 1035 1218 1072 1272; x_wconf 89' lang='lat' dir='ltr'><strong>ut</strong></span> 
     </span>
     <span class='ocr_line' id='line_1_10' title="bbox 27 1305 354 1394; baseline 0.003 -16"><span class='ocrx_word' id='word_1_66' title='bbox 27 1305 246 1394; x_wconf 77' lang='lat' dir='ltr'><strong>Nouendialis,</strong></span> <span class='ocrx_word' id='word_1_67' title='bbox 267 1326 354 1379; x_wconf 86' lang='lat' dir='ltr'><strong>suut.</strong></span> 
     </span>
    </p>
   </div>
   <div class='ocr_carea' id='block_1_3' title="bbox 25 1593 1068 2467">
    <p class='ocr_par' dir='ltr' id='par_1_3' title="bbox 27 1593 384 1680">
     <span class='ocr_line' id='line_1_11' title="bbox 27 1593 384 1680; baseline 0 -24"><span class='ocrx_word' id='word_1_68' title='bbox 27 1593 119 1679; x_wconf 67' lang='lat' dir='ltr'><strong>neri]</strong></span> <span class='ocrx_word' id='word_1_69' title='bbox 136 1599 249 1658; x_wconf 58' lang='lat' dir='ltr'><strong>sacret}</strong></span> <span class='ocrx_word' id='word_1_70' title='bbox 268 1595 384 1680; x_wconf 74' lang='lat' dir='ltr'><strong>vulgat.</strong></span> 
     </span>
    </p>

    <p class='ocr_par' dir='ltr' id='par_1_4' title="bbox 28 1674 1016 1760">
     <span class='ocr_line' id='line_1_12' title="bbox 28 1674 1016 1760; baseline 0.001 -25"><span class='ocrx_word' id='word_1_71' title='bbox 28 1675 144 1755; x_wconf 76' lang='lat' dir='ltr'><strong>nauem]</strong></span> <span class='ocrx_word' id='word_1_72' title='bbox 166 1699 283 1738; x_wconf 82' lang='lat' dir='ltr'><strong>carmen</strong></span> <span class='ocrx_word' id='word_1_73' title='bbox 302 1679 395 1738; x_wconf 86' lang='lat' dir='ltr'><strong>Havn.</strong></span> <span class='ocrx_word' id='word_1_74' title='bbox 416 1674 492 1744; x_wconf 74' lang='lat' dir='ltr'><strong>Edit.</strong></span> <span class='ocrx_word' id='word_1_75' title='bbox 516 1675 607 1760; x_wconf 85' lang='lat' dir='ltr'><strong>princ.</strong></span> <span class='ocrx_word' id='word_1_76' title='bbox 627 1687 685 1738; x_wconf 69' lang='lat' dir='ltr'><strong>ves.</strong></span> <span class='ocrx_word' id='word_1_77' title='bbox 704 1674 792 1736; x_wconf 85' lang='lat' dir='ltr'><strong>Rhol.</strong></span> <span class='ocrx_word' id='word_1_78' title='bbox 812 1675 917 1737; x_wconf 74' lang='lat' dir='ltr'><strong>Veuek.</strong></span> <span class='ocrx_word' id='word_1_79' title='bbox 937 1675 959 1736; x_wconf 93' lang='lat'><strong>1.</strong></span> <span class='ocrx_word' id='word_1_80' title='bbox 979 1675 1016 1736; x_wconf 87' lang='lat'><strong>11.</strong></span> 
     </span>
    </p>

    <p class='ocr_par' dir='ltr' id='par_1_5' title="bbox 28 1753 299 1836">
     <span class='ocr_line' id='line_1_13' title="bbox 28 1753 299 1836; baseline 0 -22"><span class='ocrx_word' id='word_1_81' title='bbox 28 1753 89 1836; x_wconf 74' lang='lat' dir='ltr'><strong>fuit]</strong></span> <span class='ocrx_word' id='word_1_82' title='bbox 101 1761 183 1834; x_wconf 81' lang='lat' dir='ltr'><strong>fiant</strong></span> <span class='ocrx_word' id='word_1_83' title='bbox 204 1755 299 1815; x_wconf 82' lang='lat' dir='ltr'><strong>Havn.</strong></span> 
     </span>
    </p>

    <p class='ocr_par' dir='ltr' id='par_1_6' title="bbox 28 1833 995 1917">
     <span class='ocr_line' id='line_1_14' title="bbox 28 1833 995 1917; baseline 0 -23"><span class='ocrx_word' id='word_1_84' title='bbox 28 1833 124 1913; x_wconf 72' lang='lat' dir='ltr'><strong>latinis]</strong></span> <span class='ocrx_word' id='word_1_85' title='bbox 145 1837 269 1895; x_wconf 81' lang='lat' dir='ltr'><strong>Iata&#39;nea&#39;s</strong></span> <span class='ocrx_word' id='word_1_86' title='bbox 287 1833 375 1917; x_wconf 82' lang='lat' dir='ltr'><strong>Vulg.</strong></span> <span class='ocrx_word' id='word_1_87' title='bbox 396 1845 429 1893; x_wconf 76' lang='lat' dir='ltr'><strong>ut</strong></span> <span class='ocrx_word' id='word_1_88' title='bbox 449 1847 515 1894; x_wconf 89' lang='lat' dir='ltr'><strong>aute</strong></span> <span class='ocrx_word' id='word_1_89' title='bbox 534 1835 699 1896; x_wconf 81' lang='lat' dir='ltr'><strong>Romanea’s.</strong></span> <span class='ocrx_word' id='word_1_90' title='bbox 992 1897 995 1905; x_wconf 66' lang='grc'><strong>,</strong></span> 
     </span>
    </p>

    <p class='ocr_par' dir='ltr' id='par_1_7' title="bbox 26 1910 1068 2072">
     <span class='ocr_line' id='line_1_15' title="bbox 26 1910 1068 1998; baseline -0.003 -24"><span class='ocrx_word' id='word_1_91' title='bbox 26 1914 190 1974; x_wconf 78' lang='lat' dir='ltr'><strong>sementinae</strong></span> <span class='ocrx_word' id='word_1_92' title='bbox 213 1910 318 1996; x_wconf 80' lang='lat' dir='ltr'><strong>seriae]</strong></span> <span class='ocrx_word' id='word_1_93' title='bbox 339 1935 438 1975; x_wconf 87' lang='lat' dir='ltr'><strong>omues</strong></span> <span class='ocrx_word' id='word_1_94' title='bbox 459 1926 574 1998; x_wconf 84' lang='lat' dir='ltr'><strong>praeter</strong></span> <span class='ocrx_word' id='word_1_95' title='bbox 595 1915 730 1978; x_wconf 80' lang='lat' dir='ltr'><strong>Verlran.</strong></span> <span class='ocrx_word' id='word_1_96' title='bbox 751 1911 870 1995; x_wconf 85' lang='lat' dir='ltr'><strong>Sciopp.</strong></span> <span class='ocrx_word' id='word_1_97' title='bbox 892 1912 942 1993; x_wconf 88' lang='lat' dir='ltr'><strong>qui</strong></span> <span class='ocrx_word' id='word_1_98' title='bbox 961 1935 1068 1972; x_wconf 82' lang='lat' dir='ltr'><strong>semen·</strong></span> 
     </span>
     <span class='ocr_line' id='line_1_16' title="bbox 60 1996 256 2072; baseline -0.01 -19"><span class='ocrx_word' id='word_1_99' title='bbox 60 1997 131 2053; x_wconf 69' lang='lat' dir='ltr'><strong>tinae</strong></span> <span class='ocrx_word' id='word_1_100' title='bbox 140 1996 256 2072; x_wconf 85' lang='lat' dir='ltr'><strong>seriae.</strong></span> 
     </span>
    </p>

    <p class='ocr_par' dir='ltr' id='par_1_8' title="bbox 26 2093 330 2179">
     <span class='ocr_line' id='line_1_17' title="bbox 26 2093 330 2179; baseline 0.003 -24"><span class='ocrx_word' id='word_1_101' title='bbox 26 2095 76 2157; x_wconf 81' lang='lat' dir='ltr'><strong>dies</strong></span> <span class='ocrx_word' id='word_1_102' title='bbox 92 2093 132 2179; x_wconf 85' lang='lat' dir='ltr'><strong>is]</strong></span> <span class='ocrx_word' id='word_1_103' title='bbox 154 2098 219 2156; x_wconf 84' lang='lat' dir='ltr'><strong>dies</strong></span> <span class='ocrx_word' id='word_1_104' title='bbox 237 2098 330 2158; x_wconf 83' lang='lat' dir='ltr'><strong>Havn.</strong></span> 
     </span>
    </p>

    <p class='ocr_par' dir='ltr' id='par_1_9' title="bbox 26 2187 1047 2274">
     <span class='ocr_line' id='line_1_18' title="bbox 26 2187 1047 2274; baseline 0.002 -24"><span class='ocrx_word' id='word_1_105' title='bbox 26 2187 195 2274; x_wconf 77' lang='lat' dir='ltr'><strong>asemente]</strong></span> <span class='ocrx_word' id='word_1_106' title='bbox 216 2215 236 2252; x_wconf 89' lang='lat' dir='ltr'><strong>a</strong></span> <span class='ocrx_word' id='word_1_107' title='bbox 258 2193 402 2252; x_wconf 76' lang='lat' dir='ltr'><strong>Semenn&#39;e</strong></span> <span class='ocrx_word' id='word_1_108' title='bbox 420 2191 499 2252; x_wconf 86' lang='lat' dir='ltr'><strong>Edit.</strong></span> <span class='ocrx_word' id='word_1_109' title='bbox 519 2203 578 2254; x_wconf 81' lang='lat' dir='ltr'><strong>vet.</strong></span> <span class='ocrx_word' id='word_1_110' title='bbox 598 2226 638 2239; x_wconf 92' lang='lat'><em>-</em></span> <span class='ocrx_word' id='word_1_111' title='bbox 658 2217 678 2253; x_wconf 89' lang='lat' dir='ltr'><strong>a</strong></span> <span class='ocrx_word' id='word_1_112' title='bbox 691 2196 822 2272; x_wconf 78' lang='lat' dir='ltr'><strong>semmae</strong></span> <span class='ocrx_word' id='word_1_113' title='bbox 841 2191 946 2252; x_wconf 81' lang='lat' dir='ltr'><strong>Venet.</strong></span> <span class='ocrx_word' id='word_1_114' title='bbox 967 2191 988 2250; x_wconf 88' lang='lat'><strong>1.</strong></span> <span class='ocrx_word' id='word_1_115' title='bbox 1010 2193 1047 2252; x_wconf 90' lang='lat'><strong>11.</strong></span> 
     </span>
    </p>

    <p class='ocr_par' dir='ltr' id='par_1_10' title="bbox 26 2285 957 2368">
     <span class='ocr_line' id='line_1_19' title="bbox 26 2285 957 2368; baseline 0 -22"><span class='ocrx_word' id='word_1_116' title='bbox 26 2285 145 2366; x_wconf 75' lang='lat' dir='ltr'><strong>sationis]</strong></span> <span class='ocrx_word' id='word_1_117' title='bbox 166 2289 308 2348; x_wconf 77' lang='lat' dir='ltr'><strong>stationis</strong></span> <span class='ocrx_word' id='word_1_118' title='bbox 327 2286 405 2348; x_wconf 83' lang='lat' dir='ltr'><strong>Edit.</strong></span> <span class='ocrx_word' id='word_1_119' title='bbox 426 2286 517 2368; x_wconf 85' lang='lat' dir='ltr'><strong>prioc.</strong></span> <span class='ocrx_word' id='word_1_120' title='bbox 537 2320 578 2333; x_wconf 95' lang='lat'>-</span> <span class='ocrx_word' id='word_1_121' title='bbox 596 2290 735 2348; x_wconf 77' lang='lat' dir='ltr'><strong>stationis</strong></span> <span class='ocrx_word' id='word_1_122' title='bbox 755 2288 832 2348; x_wconf 65' lang='lat' dir='ltr'><strong>Edit⁴</strong></span> <span class='ocrx_word' id='word_1_123' title='bbox 852 2299 957 2350; x_wconf 80' lang='lat' dir='ltr'><strong>vetust.</strong></span> 
     </span>
    </p>

    <p class='ocr_par' dir='ltr' id='par_1_11' title="bbox 25 2379 780 2467">
     <span class='ocr_line' id='line_1_20' title="bbox 25 2379 780 2467; baseline 0.004 -26"><span class='ocrx_word' id='word_1_124' title='bbox 25 2379 114 2464; x_wconf 70' lang='lat' dir='ltr'><strong>musa]</strong></span> <span class='ocrx_word' id='word_1_125' title='bbox 132 2406 238 2442; x_wconf 79' lang='lat' dir='ltr'><strong>caussa</strong></span> <span class='ocrx_word' id='word_1_126' title='bbox 260 2383 359 2446; x_wconf 85' lang='lat' dir='ltr'><strong>Codex</strong></span> <span class='ocrx_word' id='word_1_127' title='bbox 379 2383 413 2444; x_wconf 91' lang='lat' dir='ltr'><strong>B.</strong></span> <span class='ocrx_word' id='word_1_128' title='bbox 434 2383 521 2467; x_wconf 81' lang='lat' dir='ltr'><strong>Vulg.</strong></span> <span class='ocrx_word' id='word_1_129' title='bbox 542 2384 641 2444; x_wconf 73' lang='lat' dir='ltr'><strong>Verte.</strong></span> <span class='ocrx_word' id='word_1_130' title='bbox 663 2383 780 2465; x_wconf 88' lang='lat' dir='ltr'><strong>Sciopp.</strong></span> 
     </span>
    </p>
   </div>
   <div class='ocr_carea' id='block_1_4' title="bbox 23 2476 1067 2698">
    <p class='ocr_par' dir='ltr' id='par_1_12' title="bbox 23 2476 1067 2698">
     <span class='ocr_line' id='line_1_21' title="bbox 23 2476 1067 2564; baseline 0.001 -28"><span class='ocrx_word' id='word_1_131' title='bbox 23 2476 177 2561; x_wconf 83' lang='lat' dir='ltr'><strong>susceptae]</strong></span> <span class='ocrx_word' id='word_1_132' title='bbox 202 2478 271 2539; x_wconf 79' lang='lat' dir='ltr'><strong>Ald.</strong></span> <span class='ocrx_word' id='word_1_133' title='bbox 291 2480 354 2540; x_wconf 89' lang='lat' dir='ltr'><strong>Bas.</strong></span> <span class='ocrx_word' id='word_1_134' title='bbox 375 2480 440 2539; x_wconf 85' lang='lat' dir='ltr'><strong>Par.</strong></span> <span class='ocrx_word' id='word_1_135' title='bbox 460 2477 524 2560; x_wconf 84' lang='lat' dir='ltr'><strong>Gry</strong></span> <span class='ocrx_word' id='word_1_136' title='bbox 547 2477 574 2537; x_wconf 89' lang='lat' dir='ltr'><strong>h.</strong></span> <span class='ocrx_word' id='word_1_137' title='bbox 594 2478 651 2564; x_wconf 83' lang='lat' dir='ltr'><strong>Vul</strong></span> <span class='ocrx_word' id='word_1_138' title='bbox 674 2491 711 2539; x_wconf 77' lang='lat' dir='ltr'><strong>at.</strong></span> <span class='ocrx_word' id='word_1_139' title='bbox 732 2481 867 2540; x_wconf 73' lang='lat' dir='ltr'><strong>Vei-tran.</strong></span> <span class='ocrx_word' id='word_1_140' title='bbox 888 2477 955 2538; x_wconf 86' lang='lat' dir='ltr'><strong>Scio</strong></span> <span class='ocrx_word' id='word_1_141' title='bbox 978 2501 1005 2560; x_wconf 92' lang='lat' dir='ltr'><strong>p.</strong></span> <span class='ocrx_word' id='word_1_142' title='bbox 1025 2511 1067 2526; x_wconf 89' lang='lat'><strong>-·</strong></span> 
     </span>
     <span class='ocr_line' id='line_1_22' title="bbox 55 2500 1066 2698; baseline 0 -80"><span class='ocrx_word' id='word_1_143' title='bbox 55 2574 185 2698; x_wconf 68' lang='lat' dir='ltr'><strong>gmlclepta</strong></span> <span class='ocrx_word' id='word_1_144' title='bbox 203 2559 335 2620; x_wconf 69' lang='lat' dir='ltr'><strong>Floreat,</strong></span> <span class='ocrx_word' id='word_1_145' title='bbox 356 2560 449 2621; x_wconf 83' lang='lat' dir='ltr'><strong>Havn.</strong></span> <span class='ocrx_word' id='word_1_146' title='bbox 471 2503 544 2619; x_wconf 64' lang='lat' dir='ltr'><strong>eoi</strong></span> <span class='ocrx_word' id='word_1_147' title='bbox 565 2559 600 2619; x_wconf 89' lang='lat' dir='ltr'><strong>B.</strong></span> <span class='ocrx_word' id='word_1_148' title='bbox 619 2500 674 2618; x_wconf 62' lang='lat' dir='ltr'><strong>Ei.</strong></span> <span class='ocrx_word' id='word_1_149' title='bbox 695 2559 786 2641; x_wconf 88' lang='lat' dir='ltr'><strong>princ.</strong></span> <span class='ocrx_word' id='word_1_150' title='bbox 805 2571 864 2623; x_wconf 81' lang='lat' dir='ltr'><strong>vet.</strong></span> <span class='ocrx_word' id='word_1_151' title='bbox 883 2500 976 2619; x_wconf 43' lang='lat' dir='ltr'><strong>ahoi)</strong></span> <span class='ocrx_word' id='word_1_152' title='bbox 990 2559 1066 2619; x_wconf 83' lang='lat' dir='ltr'><strong>Veu.</strong></span> 
     </span>
    </p>
   </div>
   <div class='ocr_carea' id='block_1_5' title="bbox 21 2729 1065 2897">
    <p class='ocr_par' dir='ltr' id='par_1_13' title="bbox 21 2729 1065 2897">
     <span class='ocr_line' id='line_1_23' title="bbox 22 2729 965 2818; baseline 0 -26"><span class='ocrx_word' id='word_1_153' title='bbox 22 2729 113 2816; x_wconf 82' lang='lat' dir='ltr'><strong>causa]</strong></span> <span class='ocrx_word' id='word_1_154' title='bbox 132 2755 240 2795; x_wconf 77' lang='lat' dir='ltr'><strong>caussa</strong></span> <span class='ocrx_word' id='word_1_155' title='bbox 260 2733 376 2818; x_wconf 84' lang='lat' dir='ltr'><strong>Vulgat.</strong></span> <span class='ocrx_word' id='word_1_156' title='bbox 395 2735 532 2795; x_wconf 76' lang='lat' dir='ltr'><strong>Vestrae.</strong></span> <span class='ocrx_word' id='word_1_157' title='bbox 552 2733 670 2814; x_wconf 88' lang='lat' dir='ltr'><strong>Sciopp.</strong></span> <span class='ocrx_word' id='word_1_158' title='bbox 690 2767 730 2780; x_wconf 91' lang='lat'><em>-</em></span> <span class='ocrx_word' id='word_1_159' title='bbox 747 2757 855 2794; x_wconf 78' lang='lat' dir='ltr'><strong>causae</strong></span> <span class='ocrx_word' id='word_1_160' title='bbox 872 2734 965 2793; x_wconf 89' lang='lat' dir='ltr'><strong>Havn.</strong></span> 
     </span>
     <span class='ocr_line' id='line_1_24' title="bbox 21 2809 1065 2897; baseline 0.004 -29"><span class='ocrx_word' id='word_1_161' title='bbox 21 2809 171 2897; x_wconf 79' lang='lat' dir='ltr'><strong>haberent]</strong></span> <span class='ocrx_word' id='word_1_162' title='bbox 195 2813 328 2874; x_wconf 67' lang='lat' dir='ltr'><strong>florent.</strong></span> <span class='ocrx_word' id='word_1_163' title='bbox 348 2815 441 2874; x_wconf 88' lang='lat' dir='ltr'><strong>Havn.</strong></span> <span class='ocrx_word' id='word_1_164' title='bbox 462 2813 537 2872; x_wconf 82' lang='lat' dir='ltr'><strong>Edit.</strong></span> <span class='ocrx_word' id='word_1_165' title='bbox 561 2814 651 2895; x_wconf 87' lang='lat' dir='ltr'><strong>princ.</strong></span> <span class='ocrx_word' id='word_1_166' title='bbox 673 2825 730 2874; x_wconf 76' lang='lat' dir='ltr'><strong>vet.</strong></span> <span class='ocrx_word' id='word_1_167' title='bbox 750 2813 838 2872; x_wconf 86' lang='lat' dir='ltr'><strong>Rhol.</strong></span> <span class='ocrx_word' id='word_1_168' title='bbox 859 2813 964 2873; x_wconf 84' lang='lat' dir='ltr'><strong>Venet.</strong></span> <span class='ocrx_word' id='word_1_169' title='bbox 985 2815 1007 2872; x_wconf 91' lang='lat' dir='ltr'><strong>l.</strong></span> <span class='ocrx_word' id='word_1_170' title='bbox 1028 2813 1065 2872; x_wconf 88' lang='lat'><strong>11.</strong></span> 
     </span>
    </p>
   </div>
   <div class='ocr_carea' id='block_1_6' title="bbox 54 2890 1066 3032">
    <p class='ocr_par' dir='ltr' id='par_1_14' title="bbox 54 2890 1066 3032">
     <span class='ocr_line' id='line_1_25' title="bbox 54 2890 1066 3032; baseline -0.002 -80"><span class='ocrx_word' id='word_1_171' title='bbox 54 2893 172 3032; x_wconf 51' lang='grc' dir='ltr'><strong>ξάοιρρ.</strong></span> <span class='ocrx_word' id='word_1_172' title='bbox 191 2926 234 2940; x_wconf 89' lang='grc'><strong>-</strong></span> <span class='ocrx_word' id='word_1_173' title='bbox 267 2895 388 2954; x_wconf 78' lang='lat' dir='ltr'><strong>haberet</strong></span> <span class='ocrx_word' id='word_1_174' title='bbox 409 2893 509 2956; x_wconf 83' lang='lat' dir='ltr'><strong>Codex</strong></span> <span class='ocrx_word' id='word_1_175' title='bbox 529 2893 565 2954; x_wconf 89' lang='lat' dir='ltr'><strong>B.</strong></span> <span class='ocrx_word' id='word_1_176' title='bbox 583 2892 650 2955; x_wconf 74' lang='grc' dir='ltr'><strong>ΑΜ.</strong></span> <span class='ocrx_word' id='word_1_177' title='bbox 671 2892 737 2953; x_wconf 82' lang='lat' dir='ltr'><strong>Bas.</strong></span> <span class='ocrx_word' id='word_1_178' title='bbox 756 2892 820 2952; x_wconf 86' lang='lat' dir='ltr'><strong>Par.</strong></span> <span class='ocrx_word' id='word_1_179' title='bbox 842 2890 957 2973; x_wconf 86' lang='lat' dir='ltr'><strong>Gryph.</strong></span> <span class='ocrx_word' id='word_1_180' title='bbox 977 2891 1066 2974; x_wconf 83' lang='lat' dir='ltr'><strong>Vulg.</strong></span> 
     </span>
     <span class='ocr_line' id='line_1_26' title="bbox 83 2993 187 3032; baseline 0 0"><span class='ocrx_word' id='word_1_181' title='bbox 83 2993 113 3032; x_wconf 84' lang='lat' dir='ltr'><strong>ea·</strong></span> <span class='ocrx_word' id='word_1_182' title='bbox 126 2993 187 3032; x_wconf 83' lang='lat' dir='ltr'><strong>ran.</strong></span> 
     </span>
    </p>
   </div>
   <div class='ocr_carea' id='block_1_7' title="bbox 21 3063 1064 3254">
    <p class='ocr_par' dir='ltr' id='par_1_15' title="bbox 21 3063 1064 3254">
     <span class='ocr_line' id='line_1_27' title="bbox 21 3063 533 3151; baseline 0.008 -27"><span class='ocrx_word' id='word_1_183' title='bbox 21 3063 47 3124; x_wconf 85' lang='lat' dir='ltr'><strong>in</strong></span> <span class='ocrx_word' id='word_1_184' title='bbox 64 3066 155 3150; x_wconf 84' lang='lat' dir='ltr'><strong>agris]</strong></span> <span class='ocrx_word' id='word_1_185' title='bbox 174 3070 207 3128; x_wconf 77' lang='lat' dir='ltr'><strong>ia</strong></span> <span class='ocrx_word' id='word_1_186' title='bbox 227 3069 328 3150; x_wconf 78' lang='lat' dir='ltr'><strong>agreis</strong></span> <span class='ocrx_word' id='word_1_187' title='bbox 346 3065 533 3151; x_wconf 77' lang='lat' dir='ltr'><strong>Augustinus.</strong></span> 
     </span>
     <span class='ocr_line' id='line_1_28' title="bbox 22 3161 1064 3254; baseline 0.003 -34"><span class='ocrx_word' id='word_1_188' title='bbox 22 3181 127 3254; x_wconf 51' lang='lat' dir='ltr'><strong>omnen</strong></span> <span class='ocrx_word' id='word_1_189' title='bbox 145 3161 251 3246; x_wconf 84' lang='lat' dir='ltr'><strong>pagus]</strong></span> <span class='ocrx_word' id='word_1_190' title='bbox 285 3163 416 3224; x_wconf 80' lang='lat' dir='ltr'><strong>Floreut.</strong></span> <span class='ocrx_word' id='word_1_191' title='bbox 436 3165 530 3224; x_wconf 83' lang='lat' dir='ltr'><strong>Havn.</strong></span> <span class='ocrx_word' id='word_1_192' title='bbox 552 3162 625 3224; x_wconf 88' lang='lat' dir='ltr'><strong>cod.</strong></span> <span class='ocrx_word' id='word_1_193' title='bbox 644 3165 680 3223; x_wconf 89' lang='grc' dir='ltr'><strong>Β.</strong></span> <span class='ocrx_word' id='word_1_194' title='bbox 700 3193 740 3206; x_wconf 91' lang='grc'>-</span> <span class='ocrx_word' id='word_1_195' title='bbox 761 3183 855 3221; x_wconf 87' lang='lat' dir='ltr'><strong>omnes</strong></span> <span class='ocrx_word' id='word_1_196' title='bbox 870 3183 967 3242; x_wconf 84' lang='lat' dir='ltr'><strong>pagos</strong></span> <span class='ocrx_word' id='word_1_197' title='bbox 986 3162 1064 3224; x_wconf 86' lang='lat' dir='ltr'><strong>Edit.</strong></span> 
     </span>
    </p>
   </div>
   <div class='ocr_carea' id='block_1_8' title="bbox 54 3241 1065 3406">
    <p class='ocr_par' dir='ltr' id='par_1_16' title="bbox 54 3241 1065 3406">
     <span class='ocr_line' id='line_1_29' title="bbox 54 3241 1065 3379; baseline 0.003 -80"><span class='ocrx_word' id='word_1_198' title='bbox 54 3263 143 3379; x_wconf 73' lang='lat' dir='ltr'><strong>prauo</strong></span> <span class='ocrx_word' id='word_1_199' title='bbox 162 3255 268 3304; x_wconf 75' lang='lat' dir='ltr'><strong>vetust.</strong></span> <span class='ocrx_word' id='word_1_200' title='bbox 287 3242 375 3302; x_wconf 78' lang='lat' dir='ltr'><strong>Rhol.</strong></span> <span class='ocrx_word' id='word_1_201' title='bbox 395 3243 500 3304; x_wconf 83' lang='lat' dir='ltr'><strong>Venet.</strong></span> <span class='ocrx_word' id='word_1_202' title='bbox 522 3244 544 3302; x_wconf 93' lang='lat' dir='ltr'><strong>l.</strong></span> <span class='ocrx_word' id='word_1_203' title='bbox 565 3245 601 3303; x_wconf 90' lang='lat' dir='ltr'><strong>ll.</strong></span> <span class='ocrx_word' id='word_1_204' title='bbox 622 3277 661 3289; x_wconf 98' lang='lat'>-</span> <span class='ocrx_word' id='word_1_205' title='bbox 689 3242 780 3301; x_wconf 84' lang='lat' dir='ltr'><strong>omna&#39;s</strong></span> <span class='ocrx_word' id='word_1_206' title='bbox 795 3263 895 3321; x_wconf 75' lang='lat' dir='ltr'><strong>pagus</strong></span> <span class='ocrx_word' id='word_1_207' title='bbox 913 3241 980 3303; x_wconf 78' lang='grc' dir='ltr'><strong>ΑΜ.</strong></span> <span class='ocrx_word' id='word_1_208' title='bbox 1000 3243 1065 3305; x_wconf 86' lang='lat' dir='ltr'><strong>Bas.</strong></span> 
     </span>
     <span class='ocr_line' id='line_1_30' title="bbox 78 3321 682 3406; baseline 0.002 -27"><span class='ocrx_word' id='word_1_209' title='bbox 78 3343 119 3380; x_wconf 86' lang='lat' dir='ltr'><strong>ar.</strong></span> <span class='ocrx_word' id='word_1_210' title='bbox 137 3322 252 3404; x_wconf 85' lang='lat' dir='ltr'><strong>Gryph.</strong></span> <span class='ocrx_word' id='word_1_211' title='bbox 273 3321 390 3406; x_wconf 81' lang='lat' dir='ltr'><strong>Vulgat.</strong></span> <span class='ocrx_word' id='word_1_212' title='bbox 407 3323 544 3383; x_wconf 86' lang='lat' dir='ltr'><strong>Vertran.</strong></span> <span class='ocrx_word' id='word_1_213' title='bbox 564 3322 682 3405; x_wconf 90' lang='lat' dir='ltr'><strong>Sciopp.</strong></span> 
     </span>
    </p>
   </div>
   <div class='ocr_carea' id='block_1_9' title="bbox 20 3375 1065 3639">
    <p class='ocr_par' dir='ltr' id='par_1_17' title="bbox 20 3375 1065 3639">
     <span class='ocr_line' id='line_1_31' title="bbox 20 3375 1064 3500; baseline 0.005 -26"><span class='ocrx_word' id='word_1_214' title='bbox 20 3436 76 3474; x_wconf 89' lang='lat' dir='ltr'><strong>uon</strong></span> <span class='ocrx_word' id='word_1_215' title='bbox 98 3416 177 3500; x_wconf 82' lang='lat' dir='ltr'><strong>sunt]</strong></span> <span class='ocrx_word' id='word_1_216' title='bbox 198 3421 222 3478; x_wconf 84' lang='lat' dir='ltr'>F</span> <span class='ocrx_word' id='word_1_217' title='bbox 223 3418 329 3478; x_wconf 76' lang='lat' dir='ltr'><strong>locent.</strong></span> <span class='ocrx_word' id='word_1_218' title='bbox 356 3418 448 3477; x_wconf 89' lang='lat' dir='ltr'><strong>Havn.</strong></span> <span class='ocrx_word' id='word_1_219' title='bbox 468 3417 556 3477; x_wconf 84' lang='lat' dir='ltr'><strong>Rhol.</strong></span> <span class='ocrx_word' id='word_1_220' title='bbox 576 3418 682 3478; x_wconf 86' lang='lat' dir='ltr'><strong>Venet.</strong></span> <span class='ocrx_word' id='word_1_221' title='bbox 703 3419 725 3476; x_wconf 89' lang='lat'><strong>1.</strong></span> <span class='ocrx_word' id='word_1_222' title='bbox 746 3419 782 3478; x_wconf 85' lang='grc' dir='ltr'><strong>ΙΙ.</strong></span> <span class='ocrx_word' id='word_1_223' title='bbox 803 3415 870 3476; x_wconf 71' lang='lat' dir='ltr'><strong>aad.</strong></span> <span class='ocrx_word' id='word_1_224' title='bbox 891 3418 955 3478; x_wconf 87' lang='lat' dir='ltr'><strong>Bas.</strong></span> <span class='ocrx_word' id='word_1_225' title='bbox 971 3375 1064 3479; x_wconf 69' lang='lat' dir='ltr'><strong>¹Paris.</strong></span> 
     </span>
     <span class='ocr_line' id='line_1_32' title="bbox 55 3494 1065 3582; baseline 0.004 -28"><span class='ocrx_word' id='word_1_226' title='bbox 55 3494 166 3578; x_wconf 66' lang='lat' dir='ltr'><strong>Gryph.</strong></span> <span class='ocrx_word' id='word_1_227' title='bbox 186 3498 275 3582; x_wconf 85' lang='lat' dir='ltr'><strong>Vulg.</strong></span> <span class='ocrx_word' id='word_1_228' title='bbox 295 3498 394 3558; x_wconf 76' lang='lat' dir='ltr'><strong>Verte.</strong></span> <span class='ocrx_word' id='word_1_229' title='bbox 414 3497 533 3580; x_wconf 87' lang='lat' dir='ltr'><strong>Sciopp.</strong></span> <span class='ocrx_word' id='word_1_230' title='bbox 553 3529 593 3544; x_wconf 93' lang='lat'>-</span> <span class='ocrx_word' id='word_1_231' title='bbox 613 3512 645 3558; x_wconf 84' lang='lat' dir='ltr'><strong>ut</strong></span> <span class='ocrx_word' id='word_1_232' title='bbox 663 3511 729 3558; x_wconf 81' lang='lat' dir='ltr'><strong>sunt</strong></span> <span class='ocrx_word' id='word_1_233' title='bbox 750 3497 827 3558; x_wconf 76' lang='lat' dir='ltr'><strong>Edit.</strong></span> <span class='ocrx_word' id='word_1_234' title='bbox 848 3496 939 3579; x_wconf 90' lang='lat' dir='ltr'><strong>princ.</strong></span> <span class='ocrx_word' id='word_1_235' title='bbox 959 3510 1065 3560; x_wconf 82' lang='lat' dir='ltr'><strong>vetust.</strong></span> 
     </span>
     <span class='ocr_line' id='line_1_33' title="bbox 52 3575 424 3639; baseline 0.008 -6"><span class='ocrx_word' id='word_1_236' title='bbox 52 3606 95 3620; x_wconf 92' lang='lat'><em>-</em></span> <span class='ocrx_word' id='word_1_237' title='bbox 115 3590 165 3636; x_wconf 74' lang='lat' dir='ltr'><strong>aa!</strong></span> <span class='ocrx_word' id='word_1_238' title='bbox 180 3594 248 3638; x_wconf 80' lang='lat' dir='ltr'><strong>sunt</strong></span> <span class='ocrx_word' id='word_1_239' title='bbox 269 3575 370 3639; x_wconf 80' lang='lat' dir='ltr'><strong>Codex</strong></span> <span class='ocrx_word' id='word_1_240' title='bbox 389 3577 424 3636; x_wconf 89' lang='lat' dir='ltr'><strong>B.</strong></span> 
     </span>
    </p>
   </div>
   <div class='ocr_carea' id='block_1_10' title="bbox 17 3667 498 3844">
    <p class='ocr_par' dir='ltr' id='par_1_18' title="bbox 17 3667 498 3844">
     <span class='ocr_line' id='line_1_34' title="bbox 17 3667 498 3754; baseline 0.01 -27"><span class='ocrx_word' id='word_1_241' title='bbox 17 3681 47 3728; x_wconf 78' lang='lat' dir='ltr'><strong>ut</strong></span> <span class='ocrx_word' id='word_1_242' title='bbox 69 3667 140 3752; x_wconf 77' lang='lat' dir='ltr'><strong>hae]</strong></span> <span class='ocrx_word' id='word_1_243' title='bbox 160 3688 191 3732; x_wconf 81' lang='lat' dir='ltr'><strong>ut</strong></span> <span class='ocrx_word' id='word_1_244' title='bbox 210 3697 263 3734; x_wconf 82' lang='lat' dir='ltr'><strong>eae</strong></span> <span class='ocrx_word' id='word_1_245' title='bbox 281 3695 327 3754; x_wconf 85' lang='lat' dir='ltr'><strong>pr.</strong></span> <span class='ocrx_word' id='word_1_246' title='bbox 348 3695 384 3732; x_wconf 86' lang='lat' dir='ltr'><strong>ua.</strong></span> <span class='ocrx_word' id='word_1_247' title='bbox 404 3673 498 3732; x_wconf 88' lang='lat' dir='ltr'><strong>Havn.</strong></span> 
     </span>
     <span class='ocr_line' id='line_1_35' title="bbox 17 3763 492 3844; baseline 0.013 -21"><span class='ocrx_word' id='word_1_248' title='bbox 17 3763 124 3844; x_wconf 86' lang='lat' dir='ltr'><strong>quom]</strong></span> <span class='ocrx_word' id='word_1_249' title='bbox 142 3767 231 3828; x_wconf 85' lang='lat' dir='ltr'><strong>Havn.</strong></span> <span class='ocrx_word' id='word_1_250' title='bbox 250 3801 291 3814; x_wconf 93' lang='lat'><em>-</em></span> <span class='ocrx_word' id='word_1_251' title='bbox 311 3792 374 3828; x_wconf 86' lang='lat' dir='ltr'><strong>cum</strong></span> <span class='ocrx_word' id='word_1_252' title='bbox 394 3768 492 3829; x_wconf 84' lang='lat' dir='ltr'><strong>ceteri.</strong></span> 
     </span>
    </p>
   </div>
   <div class='ocr_carea' id='block_1_11' title="bbox 14 3860 1063 4020">
    <p class='ocr_par' dir='ltr' id='par_1_19' title="bbox 14 3860 1063 4020">
     <span class='ocr_line' id='line_1_36' title="bbox 14 3860 1063 3996; baseline 0.001 -77"><span class='ocrx_word' id='word_1_253' title='bbox 14 3860 183 3996; x_wconf 52' lang='lat' dir='ltr'><strong>pergpicuo]</strong></span> <span class='ocrx_word' id='word_1_254' title='bbox 210 3865 355 3941; x_wconf 77' lang='lat' dir='ltr'><strong>perspicia</strong></span> <span class='ocrx_word' id='word_1_255' title='bbox 380 3865 510 3960; x_wconf 41' lang='lat' dir='ltr'><strong>{loreas</strong></span> <span class='ocrx_word' id='word_1_256' title='bbox 530 3863 623 3923; x_wconf 88' lang='lat' dir='ltr'><strong>Havn.</strong></span> <span class='ocrx_word' id='word_1_257' title='bbox 643 3863 720 3925; x_wconf 81' lang='lat' dir='ltr'><strong>Edit.</strong></span> <span class='ocrx_word' id='word_1_258' title='bbox 740 3864 831 3947; x_wconf 88' lang='lat' dir='ltr'><strong>princ.</strong></span> <span class='ocrx_word' id='word_1_259' title='bbox 851 3873 956 3926; x_wconf 80' lang='lat' dir='ltr'><strong>vetust.</strong></span> <span class='ocrx_word' id='word_1_260' title='bbox 975 3860 1063 3922; x_wconf 84' lang='lat' dir='ltr'><strong>Rhol.</strong></span> 
     </span>
     <span class='ocr_line' id='line_1_37' title="bbox 84 3941 623 4020; baseline 0.006 -20"><span class='ocrx_word' id='word_1_261' title='bbox 84 3961 134 4000; x_wconf 87' lang='lat' dir='ltr'><strong>en.</strong></span> <span class='ocrx_word' id='word_1_262' title='bbox 152 3943 174 4001; x_wconf 91' lang='lat' dir='ltr'><strong>l.</strong></span> <span class='ocrx_word' id='word_1_263' title='bbox 192 3945 228 4004; x_wconf 84' lang='lat' dir='ltr'><strong>Il.</strong></span> <span class='ocrx_word' id='word_1_264' title='bbox 246 3975 285 3990; x_wconf 88' lang='lat'><strong>—·</strong></span> <span class='ocrx_word' id='word_1_265' title='bbox 301 3967 454 4020; x_wconf 71' lang='lat' dir='ltr'><strong>perspecue</strong></span> <span class='ocrx_word' id='word_1_266' title='bbox 472 3941 538 4002; x_wconf 83' lang='lat' dir='ltr'><strong>Ald.</strong></span> <span class='ocrx_word' id='word_1_267' title='bbox 559 3943 623 4003; x_wconf 84' lang='lat' dir='ltr'><strong>Bos.</strong></span> 
     </span>
    </p>
   </div>
   <div class='ocr_carea' id='block_1_12' title="bbox 11 4035 1063 4120">
    <p class='ocr_par' dir='ltr' id='par_1_20' title="bbox 11 4035 1063 4120">
     <span class='ocr_line' id='line_1_38' title="bbox 11 4035 1063 4120; baseline 0 -25"><span class='ocrx_word' id='word_1_268' title='bbox 11 4035 191 4099; x_wconf 79' lang='lat' dir='ltr'><strong>novendialis</strong></span> <span class='ocrx_word' id='word_1_269' title='bbox 207 4035 287 4117; x_wconf 82' lang='lat' dir='ltr'><strong>sunt]</strong></span> <span class='ocrx_word' id='word_1_270' title='bbox 309 4038 389 4099; x_wconf 84' lang='lat' dir='ltr'><strong>Flor.</strong></span> <span class='ocrx_word' id='word_1_271' title='bbox 411 4039 505 4100; x_wconf 85' lang='lat' dir='ltr'><strong>Havn.</strong></span> <span class='ocrx_word' id='word_1_272' title='bbox 525 4037 643 4120; x_wconf 89' lang='lat' dir='ltr'><strong>Sciopp.</strong></span> <span class='ocrx_word' id='word_1_273' title='bbox 662 4071 701 4083; x_wconf 97' lang='lat'>-</span> <span class='ocrx_word' id='word_1_274' title='bbox 720 4053 788 4100; x_wconf 77' lang='lat' dir='ltr'><strong>sunt</strong></span> <span class='ocrx_word' id='word_1_275' title='bbox 809 4037 897 4100; x_wconf 81' lang='lat' dir='ltr'><strong>ceteri</strong></span> <span class='ocrx_word' id='word_1_276' title='bbox 918 4036 1063 4098; x_wconf 77' lang='lat' dir='ltr'><strong>omittunt.</strong></span> 
     </span>
    </p>
   </div>
   <div class='ocr_carea' id='block_1_13' title="bbox 0 0 1318 4672">
    <p class='ocr_par' dir='ltr' id='par_1_21' title="bbox 0 0 1318 4672">
     <span class='ocr_line' id='line_1_39' title="bbox 0 0 1318 4672; baseline 0 3"><span class='ocrx_word' id='word_1_277' title='bbox 0 0 1318 4672; x_wconf 95' lang='lat' dir='ltr'><strong> </strong></span> 
     </span>
    </p>
   </div>
  </div>
 </body>
</html>
