2722 4676
235 303 277 364 aa
407 279 416 290 ‘
568 299 711 364 uranu
737 298 961 376 eumuus.

239 477 282 548 de
311 479 430 573 quis...
460 479 542 549 lucis
566 478 672 549 ethis
695 476 793 546 rebus
817 479 957 574 quaein
980 479 1031 550 his
1054 477 1219 563 videntur,
1257 476 1296 548 iu

213 583 308 660 7huc
336 583 419 654 libro
443 583 630 654 summatim
658 605 791 677 ponam.
852 582 920 654 Sed
950 609 1016 681 qua
1045 581 1198 676 coguatio
1222 581 1295 651 eius

242 689 302 759 erit
316 689 406 758 verbi
421 713 505 782 quae
528 688 655 758 radices
679 687 783 780 egerit
807 689 994 758 extrafmes
1013 711 1102 771 suas,
1117 711 1295 782 perseque-

240 817 330 862 mur:
359 817 458 888 saepe
482 794 569 862 euim
592 792 634 860 ad
657 791 791 860 limitem
815 793 939 864 arboris
961 791 1087 860 radices
1112 791 1172 859 suh
1195 789 1295 860 vicini

239 895 391 993 prodiere
415 916 572 991 segetem.
627 894 742 987 Quare
764 924 833 968 nou
856 926 930 968 cum
954 898 995 967 de
1018 895 1099 966 locis
1125 894 1239 978 dicam,
1263 899 1296 963 si

240 1001 283 1072 ab
306 1025 385 1096 agro
410 1001 453 1070 ad
475 1028 629 1095 agrorum
651 1001 819 1071 hominem
841 1029 880 1075 aa
904 999 1081 1097 agricolam
1102 1024 1295 1093 pervenero,

241 1106 405 1175 aberrare.
465 1106 573 1176 Multa
601 1107 744 1176 societas
771 1109 961 1190 verborum,
998 1129 1061 1176 uec
1082 1103 1200 1174 vinalia
1221 1103 1295 1173 sine

239 1209 317 1280 vino
350 1210 507 1306 expediri,
544 1237 606 1281 nec
636 1211 878 1312 ffliffiadfildffl
901 1213 972 1281 sine
994 1210 1156 1302 calatioue
1179 1224 1293 1304 potest

242 1313 372 1410 aperiri.

329 1429 363 1494 2.
406 1418 563 1516 Incipiam
587 1420 627 1493 de
650 1420 732 1494 lucis
756 1421 816 1492 sub
838 1420 941 1518 ipsius
963 1419 1030 1492 loci
1052 1419 1188 1514 origiue.
1222 1417 1293 1488 Lo-

242 1669 348 1732 horum
368 1673 444 1734 euim
464 1673 500 1734 de
520 1675 583 1755 quis
603 1671 691 1756 locis]
717 1673 848 1734 Floreat.
868 1673 947 1734 Edit.
967 1673 1059 1813 griuc.
1080 1683 1184 1734 retusa
1204 1669 1295 1731 nhot.

283 1752 387 1812 Venet.
415 1755 436 1813 l.
464 1754 500 1814 ll.
524 1787 564 1799 -
598 1757 673 1814 enim
699 1755 803 1813 irarum
829 1756 865 1812 de
886 1755 952 1829 quis
985 1756 1044 1814 acis
1062 1755 1155 1813 Havn.
1175 1763 1205 1812 et
1224 1751 1295 1826 (nisi

284 1831 362 1910 quud
389 1834 491 1910 quibus
516 1833 635 1916 legitur)
661 1833 793 1892 Turnebi
813 1832 928 1910 Codex,
961 1833 1038 1893 unde
1058 1830 1211 1892 Turnebus
1230 1830 1295 1910 ipse

282 1912 434 1970 eniminum
462 1913 566 1971 hurum
591 1913 716 1972 coniicit.
744 1945 784 1958 —
817 1914 920 1971 hurum
945 1915 1022 1972 enim
1049 1916 1085 1972 de
1112 1913 1192 1989 queis
1221 1911 1297 1968 lucis

285 1989 385 2052 Codex
405 1991 437 2049 B.
460 2023 500 2036 —
520 1993 624 2052 laurum
644 1995 719 2052 enim
740 1995 777 2052 de
793 1992 841 2050 his
853 1993 926 2050 lacis
938 1991 1004 2052 Ald.
1022 1991 1084 2052 Bas.
1099 1991 1163 2051 Par.
1178 1987 1294 2069 Gryph.

283 2099 324 2117 ·-
345 2069 448 2128 hurum
468 2073 553 2130 enim.
584 2072 629 2130 De
649 2073 711 2130 her's
732 2073 820 2132 locetis
840 2068 956 2154 Vulgat.
978 2069 1073 2131 verbis
1094 2071 1197 2130 harum
1216 2069 1296 2127 enain

283 2147 364 2207 uncis
383 2147 514 2225 inclusis,
535 2160 565 2210 et
584 2150 613 2208 in
633 2170 722 2232 marg.
743 2151 850 2208 harum
869 2170 903 2209 ex
925 2149 1012 2210 libris.
1032 2182 1073 2196 -
1097 2171 1170 2208 nunc
1190 2149 1228 2206 de
1248 2147 1296 2205 Iu-

284 2228 327 2286 cis
347 2226 466 2308 Sciopp.
486 2260 526 2273 -
544 2228 676 2290 Lacenae
696 2230 790 2324 signa,
811 2249 876 2288 cum
894 2241 961 2290 aute
981 2249 1044 2292 voc.
1066 2230 1139 2290 lacr's
1159 2225 1298 2307 quaedam

286 2304 422 2366 excidisse
442 2307 607 2384 videantur,
627 2329 644 2368 a
662 2307 746 2368 nobas
766 2307 866 2367 addita.

245 2383 276 2446 tn
295 2378 357 2465 his]
377 2386 408 2444 in
428 2387 467 2446 iis
486 2387 576 2446 Havn.
598 2419 638 2433 -
658 2391 689 2449 in
710 2390 772 2448 heis
791 2386 922 2470 vulgat,
943 2387 983 2448 ita
1003 2399 1147 2468 utsupra.

245 2463 295 2527 sed
326 2485 381 2542 qua
407 2466 543 2547 cognatio
570 2467 630 2527 eius
654 2499 695 2513 -
719 2463 943 2548 persequemur]
978 2465 1108 2528 Floreat.
1136 2467 1229 2526 Havn.
1255 2497 1299 2511 -

286 2543 382 2602 omnia
413 2565 469 2605 om.
494 2545 525 2606 in
551 2545 628 2606 Edit.
656 2546 746 2626 princ.
774 2557 878 2606 actast.
905 2579 945 2590 -
976 2549 1032 2605 sed
1054 2569 1130 2623 quae
1155 2545 1296 2624 cognatio

285 2619 373 2681 Rhol.
394 2621 497 2683 Venet.
519 2625 539 2684 l.
563 2627 598 2685 ll.
618 2624 683 2686 Ald.
705 2626 768 2684 Bas.
788 2625 851 2684 Par.
874 2623 988 2706 Gryph.
1009 2625 1096 2708 Vulg.
1113 2657 1153 2670 -
1172 2625 1201 2682 ri
1219 2647 1298 2696 auae

286 2723 370 2781 cogn.
383 2701 535 2786 Angustia.
549 2705 579 2764 in
594 2725 681 2787 marg.
703 2726 738 2765 ex
759 2703 834 2762 cuni.
854 2735 895 2750 —
914 2707 969 2763 sed
985 2706 1015 2764 si
1026 2727 1102 2782 qaae
1115 2704 1208 2783 cogni.
1219 2703 1300 2762 Ver-

285 2789 359 2840 tran.
380 2813 420 2829 -
448 2786 502 2842 sed
521 2787 593 2858 quia
612 2807 694 2863 cogn.
716 2782 790 2845 Cud.
809 2784 844 2842 B.
864 2815 904 2828 -
936 2785 1018 2844 Fert.
1041 2785 1096 2844 scd
1114 2805 1172 2860 qua
1194 2787 1285 2858 [qaae

286 2862 466 3019 efflantium&
479 2863 519 2954 ezir
538 2864 595 2924 erit
616 2864 701 2922 verbi.

246 2957 328 2999 verr
367 2959 423 2999 om.
469 2961 513 3000 cro
557 2989 562 3000 .

248 3037 321 3097 quae
345 3015 470 3102 radices]
504 2963 586 3098 qiidd
609 3021 727 3082 radices
750 3019 874 3104 August.
899 3019 930 3080 iu
955 3041 1046 3108 marg.
1065 3039 1099 3081 ex
1120 3018 1196 3082 coni.
1221 3017 1302 3080 Ver-

286 3107 360 3158 tran.

246 3171 331 3313 sured}
347 3200 414 3236 suas
434 3177 506 3239 Cod.
526 3179 560 3240 B.
580 3177 703 3264 August.
726 3179 757 3239 in
777 3199 866 3263 marg.

246 3273 303 3336 pru
333 3275 381 3316 ere
419 3258 550 3320 Floreat.
569 3292 610 3306 -
630 3262 807 3336 prodierunt
828 3260 927 3320 ceteri.

246 3346 521 3493 {atita-‘tta
539 3337 885 3480 th·.i‘tt⁸⁶³⁰¹'¹'·
905 3371 947 3386 “
971 3339 1008 3402 ⁰⁸
1027 3339 1071 3416 γ’
1091 3339 1139 3398 ¹⁰'

245 3489 398 3575 agrorum]
419 3438 568 3575 agrasiriin
587 3441 719 3557 Florerit.
738 3497 831 3560 Havn.

246 3589 280 3632 ac
298 3571 474 3657 agricolum]
494 3577 624 3638 Floreat.
645 3579 737 3636 Havu.
759 3609 799 3622 -
819 3591 847 3635 et
867 3579 1036 3656 agricolam
1055 3575 1152 3637 ceteri.

246 3647 386 3790 societas}
402 3657 525 3716 satietas
537 3657 614 3716 Edit.
628 3655 720 3738 princ.
735 3667 765 3716 et
777 3675 864 3736 supra
877 3677 942 3716 cum
955 3668 1058 3718 vetust.
1074 3654 1254 3737 agriculam.

246 3729 324 3790 curta
344 3751 375 3791 ca
387 3731 470 3815 abra]
492 3739 631 3796 calabria
652 3733 726 3794 cod.
746 3736 781 3794 B.
800 3767 841 3782 -·
867 3739 995 3796 calabra
1015 3737 1100 3796 curia
1121 3733 1240 3814 Sciopp.

161 3821 170 3840 ⁸
245 3807 367 3893 aperiri]
388 3815 524 3890 apperiri
540 3815 617 3878 Edit
639 3823 744 3874 vetust.

667 3939 694 4004 C
714 3961 730 4000 a
748 3961 777 4023 p.
839 3945 874 4005 11.

244 4038 297 4102 aab
316 4038 422 4126 ipsius]
442 4045 481 4104 ab
500 4045 592 4119 abssas
611 4041 729 4126 Sciopp.
