2640 4670
368 319 511 386 LIBER
529 318 757 398 QUINTUS.
1031 319 1092 386 tta

55 519 124 592 quae
135 495 367 570 deminuuntur
381 497 427 568 ita
439 513 525 584 sunt,
546 514 585 569 ut
603 514 762 570 extremas
782 496 922 594 syllabas
937 495 1091 584 habeant,

53 619 82 670 nt
104 627 122 670 a
148 600 341 688 duodecim,
377 628 444 674 nna
467 604 600 700 dempta
621 604 732 688 uncia,
768 602 904 688 Denn13
942 601 1089 673 Dertaus

54 705 168 802 dempto
193 725 355 794 sextante3
382 707 540 778 Dodrans
564 708 698 804 dempto
723 707 919 804 quadrante;
946 707 1031 791 Bes,
1053 723 1091 776 nt

54 810 116 879 olim
136 809 227 898 Des,
252 812 384 908 dempto
408 814 535 883 triente.
578 812 618 882 In
640 813 788 906 Argento
811 809 967 882 Nummi.
989 811 1023 880 id
1046 813 1088 882 ab

52 913 161 988 Siculis.
221 916 359 988 Denarii
381 918 471 1014 qnod
495 917 598 988 denos
622 917 707 986 aeris
729 916 898 1000 valebant;
936 911 1136 1005 Quinariito

52 1021 125 1114 quod
145 1023 286 1118 quinos;
316 1021 491 1095 Sestertins
515 1021 607 1121 quod
629 1021 726 1092 semis
751 1020 877 1092 tertius:
901 1020 1088 1117 dupondius

51 1127 178 1198 enimet
201 1127 301 1200 semis
324 1128 476 1224 antiquus
499 1127 678 1198 sestertius.
729 1125 792 1195 Est
813 1142 846 1196 et
867 1126 985 1198 veteris
1009 1149 1088 1196 cou-

52 1232 234 1320 suetudinis,
261 1249 298 1303 nt
318 1249 405 1304 retro
429 1256 504 1304 aere
528 1231 688 1318 dicerent,
714 1229 760 1332 ita
781 1247 819 1302 ut
841 1232 939 1304 semis
963 1230 1088 1318 tertius,

49 1525 255 1670 doninunnturi
275 1528 407 1592 Florent.
426 1525 517 1612 Vnig.
539 1527 672 1590 Vertran.
693 1526 761 1589 Scio
782 1551 812 1611 p.
824 1561 865 1576 —-
884 1528 1090 1590 drim'nuuutur

79 1610 164 1670 llarn.
187 1609 233 1672 Co
255 1654 263 1668 .
283 1610 318 1670 B.
338 1609 416 1670 Edit.
437 1607 530 1690 princ.
549 1620 608 1669 ret.
628 1607 718 1670 Rbol.
767 1630 813 1670 en.
832 1609 856 1670 1.
876 1609 914 1670 11.
933 1606 1001 1668 nld.
1021 1609 1087 1670 Bar.

80 1688 137 1750 Par.
155 1688 275 1772 Gryph.
296 1687 370 1751 Cod.
390 1689 473 1749 Mon.
494 1687 641 1749 Prisciani.

48 1761 169 1848 habunt]
192 1771 320 1829 habebat
339 1769 434 1828 Havn.

49 1847 297 1944 ntaduodecim1
324 1848 398 1911 cod.
419 1849 453 1907 B.
474 1845 590 1986 Vulpat.
612 1846 749 1909 Vertrau.
769 1845 888 1927 Sciopp.
907 1879 948 1894 -
977 1844 1088 1907 omittit

78 1925 242 1988 Priscianus.
261 1961 302 1974 -
322 1941 355 1988 ut
375 1951 395 1988 a
416 1929 512 1986 decem
544 1925 611 1986 ior.
630 1927 708 1986 Edit.
728 1925 820 2009 princ.
841 1937 899 1987 vet.
918 1922 1008 1986 Rhot.
1027 1926 1088 1986 Ve-

78 2019 132 2066 net.
150 2009 175 2067 1.
196 2009 234 2067 ll.
254 2005 322 2067 ald.
342 2007 406 2067 Bas.
426 2006 491 2066 Par.
513 2003 628 2100 Gryph.
647 2037 688 2052 -
707 2021 740 2065 ut
762 2009 799 2065 de
817 2007 911 2068 Ham.

48 2103 92 2145 uua
109 2086 223 2168 dempta
242 2085 340 2166 uncia]
362 2089 405 2147 lta
424 2097 456 2147 et
473 2085 583 2170 vulgate
602 2083 669 2145 libri
688 2084 834 2147 Prisciani.
846 2117 886 2132 -
907 2083 991 2148 Unde
1007 2083 1086 2144 deru-

75 2179 122 2238 pto
141 2190 202 2226 una
223 2169 311 2226 uncia
332 2165 406 2228 Cod.
427 2165 541 2226 Monac.

48 2239 142 2323 teum]
164 2249 271 2305 detines
290 2245 364 2308 Cod.
385 2245 419 2304 B.

46 2319 163 2404 dexans]
186 2328 308 2386 destans
327 2325 402 2386 cod.
422 2325 457 2384 B.
476 2357 518 2370 -
538 2325 683 2384 dextrane
700 2323 794 2384 ΗΜ.

46 2399 98 2480 des]
108 2407 261 2501 satiasses
282 2408 353 2464 duee
372 2403 489 2486 Sciopp.
509 2403 647 2486 margine.

44 2479 476 2642 ibundiicdliiffiildiiridhflam
498 2559 572 2622 Cod.
592 2562 627 2620 B.
649 2559 724 2654 de.
743 2559 858 2621 Monac.
878 2557 1025 2620 Prisciani.
1044 2591 1086 2606 -

75 2663 92 2696 c
112 2640 240 2702 Sr'culer's
257 2643 346 2726 Vulg.
365 2674 406 2688 -
425 2667 445 2703 a
466 2643 579 2701 Siculis
598 2653 696 2701 ceteri.

43 2714 153 2814 denarii]
176 2724 299 2782 denarii
317 2724 398 2800 quod
409 2723 531 2782 denarii
546 2722 640 2781 Havn.
660 2718 738 2779 Edit.
759 2718 850 2800 princ.
869 2730 975 2780 vetust.
995 2715 1084 2780 Rhol.

42 2811 176 2862 sestertius
208 2801 289 2882 quod
319 2801 402 2862 semis
435 2797 552 2880 tertius]
588 2820 688 2860 omnes
713 2799 852 2858 Varronis
878 2797 945 2858 libri
970 2809 1086 2878 praeter

73 2878 189 2962 Sciopp.
216 2880 266 2962 qni
292 2880 393 2940 edidit:
426 2881 575 2940 sestertius
603 2879 686 2956 quod
708 2881 790 2939 binos
808 2878 904 2936 semri.
923 2909 964 2922 -
997 2875 1086 2970 Apud

71 2957 256 3036 Procianurn,
275 2960 352 3021 unde
371 2959 493 3020 hausisse
511 2957 626 3021 ridetur
646 2957 873 3018 emendationem
886 2977 964 3014 suam
981 2955 1085 3048 Sciop-

72 3037 149 3118 pius,
181 3039 286 3122 vulgo:
321 3039 479 3098 Sestertius
499 3040 611 3098 duobm
628 3038 723 3097 semis.
768 3034 870 3097 Codex
889 3035 1084 3095 Monacensna

72 3117 232 3178 Sestertius
250 3119 393 3178 sectarius
411 3120 547 3178 sesterr‘us
567 3119 677 3176 duobus
695 3117 790 3174 semis.

41 3190 217 3334 Dependius]
239 3197 414 3258 Flordlavn.
428 3196 502 3258 Cod.
516 3199 551 3256 B.
571 3195 662 3278 Vulg.
682 3195 782 3254 Vertr.
803 3192 927 3334 Scioppi
942 3192 1030 3252 Prisc.
1043 3224 1085 3240 -

98 3281 263 3352 upuadium
282 3277 358 3336 Edit.
380 3277 471 3360 princ.
492 3287 597 3338 vetust.
616 3307 656 3320 —
688 3275 881 3349 Dupoudr'um
929 3271 988 3333 hol.
1008 3273 1083 3334 Van.

70 3354 92 3412 l.
110 3356 148 3416 ΙΙ.
168 3389 208 3402 -
226 3356 410 3432 Damnatum
429 3355 495 3415 did.
516 3356 580 3416 Bas.
601 3355 665 3414 Par.
688 3350 802 3434 Gryph.

36 3433 190 3528 sestertius]
222 3438 384 3496 sexrero'us
408 3434 540 3497 Florent.
566 3467 607 3480 -
641 3435 764 3494 sestrius
788 3430 862 3493 Cod.
882 3431 998 3494 Monac.
1018 3429 1084 3492 Pri-

67 3535 163 3574 soant.

37 3589 87 3669 est]
108 3613 167 3654 orn.
185 3595 280 3656 Havn.

34 3682 60 3728 et
78 3671 198 3753 veteris]
220 3675 258 3734 ita
278 3687 309 3736 et
328 3673 500 3744 Priscianns3
519 3672 568 3734 sed
590 3670 664 3734 Cod.
684 3671 800 3732 Monac.
821 3684 853 3730 ut
875 3670 988 3732 reterr'r.

34 3767 93 3812 aere
117 3752 262 3834 dicerent]
296 3752 427 3814 Florent
448 3755 541 3814 llavn.
563 3752 641 3811 Edit.
662 3750 754 3845 princ.
774 3762 833 3811 ret.
853 3749 942 3812 Rhol.
962 3751 1038 3811 Ven.
1058 3751 1082 3810 1.

67 3831 104 3890 tl.
125 3863 169 3878 —
195 3857 269 3893 aera
290 3835 418 3893 dr'cerent
439 3833 514 3895 Cod.
534 3833 569 3890 B.
590 3831 725 3892 Prisciani
746 3828 821 3890 libri.
842 3863 882 3876 —
915 3853 984 3890 aere
1004 3831 1082 3890 dice-

66 3925 174 3968 rentur
195 3911 259 3972 did.
279 3913 345 3972 Bas.
364 3911 452 3973 Paris.
474 3909 589 3993 Gryph.
609 3943 650 3957 -·
682 3932 757 3970 aera
778 3913 945 3970 dicerentur
964 3907 1081 3992 Vulgat.

67 3987 171 4049 Vertr.
188 3991 304 4075 Seiopp.

29 4079 61 4128 ut
78 4067 169 4130 semis
187 4075 300 4151 tertius,
320 4083 439 4154 quartus
457 4069 541 4134 semis
561 4065 800 4152 pronuntiarent]
834 4066 966 4130 Floreut.
986 4067 1081 4129 Harn.
