2722 4676
230 341 272 403 w
562 333 707 396 LIBER
727 331 953 408 QUINTUS.

232 513 287 584 hic

364 615 515 710 clamyde
535 612 667 705 clupcot
687 611 864 683 hrochimn

325 719 459 790 Tertius
483 716 619 812 gradus,
647 742 712 812 quo
735 713 946 811 philosophia
968 715 1152 787 escandens
1173 743 1281 813 perve-

236 825 300 910 nit,
338 839 435 918 atque
465 847 504 892 ea
532 845 615 917 quac
642 821 677 890 in
707 819 945 890 consuetudine
975 821 1139 889 communi
1166 835 1282 906 esseut,

237 928 362 1025 aperire
387 926 505 1023 coepit,
527 943 563 996 nt
585 949 605 994 a
628 950 693 1021 quo
718 925 839 994 dictum
863 939 950 994 esset
966 923 1149 1018 Oppidum,
1171 925 1282 1011 Vicus,

235 1032 314 1102 Via.
376 1028 542 1121 Quartus,
577 1029 635 1098 uhi
658 1045 708 1100 est
730 1029 835 1098 aditus
860 1046 892 1099 ct
913 1029 1005 1098 initia
1026 1029 1143 1124 regisr'
1169 1057 1231 1126 quo
1253 1032 1283 1100 si

155 1157 161 1170 ·
236 1162 305 1206 non
340 1136 544 1230 perveniam,
581 1133 750 1208 scientiam
787 1132 830 1202 ad
866 1133 1054 1228 opinionem
1088 1135 1283 1230 aucupabor,

238 1238 327 1336 quod
351 1239 448 1308 etiam
469 1240 505 1308 in
528 1239 630 1308 salute
654 1253 767 1306 nostra
789 1262 1026 1334 nonnunquam
1047 1237 1128 1307 l'acit
1142 1265 1215 1308 cum
1229 1263 1284 1308 ae·

237 1359 405 1438 grotarnus
429 1344 587 1414 medicus.
626 1341 730 1430 Quod
753 1339 780 1410 si
803 1365 966 1410 summum
989 1341 1127 1437 gradum
1149 1369 1216 1413 nou
1236 1359 1283 1414 at·

239 1449 359 1542 tigero,
397 1451 507 1518 tamoh
537 1447 717 1518 secundum
739 1447 939 1539 praeterih03
976 1447 1066 1542 quod
1089 1472 1157 1517 non
1179 1445 1285 1516 solum

236 1551 283 1622 ad
310 1548 538 1648 Aristophanis
560 1551 742 1637 lucernam,
779 1549 840 1620 sed
863 1551 961 1621 ctiam
983 1551 1026 1620 ad
1048 1548 1215 1620 Cleanthis
1235 1550 1285 1620 lu·

238 1832 303 1919 hic]
329 1835 427 1898 cadem
447 1855 520 1916 quac
540 1851 624 1919 supra
643 1832 772 1898 varietas.

239 1940 366 2022 clamyde
404 1935 535 2021 clupeat]
578 1941 656 1999 elom
677 1940 831 2014 declupelo
866 1936 944 1998 Edit
981 1937 1074 2020 princ.
1112 1947 1214 2000 rctrrst.
1245 1967 1286 1982 -

278 2021 438 2100 chlamyde
457 2017 502 2078 rel
522 1963 677 2078 chlamidi
690 2017 754 2094 alii,
775 2015 822 2077 alii
841 2019 969 2097 clypeot.

240 2122 345 2208 gradus
365 2116 441 2202 quo]
459 2121 576 2201 gradus
595 2143 650 2198 que
669 2119 745 2181 Edit
766 2131 869 2181 retuso

240 2223 423 2309 philosophia
458 2217 628 2303 escandens]
674 2223 793 2362 Seiopp.
834 2257 874 2270 —
906 2223 1094 2299 philosophie
1129 2224 1287 2283 ascendens

282 2303 360 2364 Edit
392 2301 482 2383 princ.
508 2313 612 2362 vetust.
637 2335 677 2348 -
711 2327 733 2378 p
756 2303 905 2379 ilosophia
932 2304 1103 2363 descendens
1131 2301 1287 2385 Angustia.

281 2383 313 2442 iu
332 2402 422 2465 marg.
443 2402 478 2441 ex
505 2380 599 2457 libris,
629 2401 646 2440 a
670 2381 826 2442 Vertranio
853 2394 1009 2463 receptum.
1034 2383 1289 2458 —philosophia

281 2464 439 2522 accendens
464 2461 552 2520 ceteri
577 2480 684 2522 omnes.
731 2463 764 2520 ln
790 2461 921 2521 Terentii
946 2481 1062 2540 quoquc
1087 2459 1209 2543 adelph.
1235 2461 1290 2536 lv,

282 2542 317 2614 h,
348 2541 387 2602 69
427 2563 526 2600 novem
553 2542 680 2600 escendit
710 2561 765 2621 pro
796 2539 913 2624 vulgato
947 2543 1079 2600 ascendit
1120 2539 1288 2624 legendum

282 2618 353 2678 illud
383 2619 459 2680 enirn·
491 2617 566 2679 clarc
597 2619 734 2700 scriptum
765 2619 795 2680 iu
818 2618 960 2680 Bembino
986 2617 1100 2698 codice,
1132 2640 1148 2680 a
1173 2620 1289 2680 Faerno

282 2697 455 2778 nescioquo
474 2697 561 2758 modo
582 2697 753 2780 neglectum.

244 2796 374 2896 aperire]
399 2802 554 2897 apporriri
569 2800 663 2894 Horu.
683 2833 723 2895 Τ-
741 2803 859 2878 aperiri
876 2799 989 2884 Gryph.

244 2875 642 3053 sisnandus&
655 2893 923 3054 inautus,

245 3051 276 3101 et
300 3039 381 3099 initia
405 3033 499 3120 regis]
533 3041 579 3099 od
599 3039 689 3099 inieris
713 3040 761 3099 rei
776 3037 822 3098 hu
864 3051 930 3098 stru.
950 3037 980 3099 in
1000 3038 1149 3100 Emendat
1168 3036 1293 3119 Sciopp.

283 3119 315 3179 in
334 3128 539 3178 concerto-
559 3131 588 3178 et
607 3120 697 3178 initia
718 3142 814 3178 rerum
825 3059 968 3179 hlertran.
989 3151 1029 3164 -
1054 3132 1083 3178 et
1103 3119 1194 3178 initia
1215 3119 1295 3177 cocis

284 3221 337 3275 γς.
359 3199 482 3273 puidam
500 3199 666 3257 coniectum
686 3197 799 3258 Victor.
817 3198 849 3258 in
868 3197 934 3258 hld.
953 3231 994 3244 -
1026 3211 1055 3258 et
1075 3198 1166 3257 im'tio
1186 3199 1298 3277 regiae

285 3275 380 3335 nescio
400 3274 476 3334 unde
496 3273 634 3336 Gotholr.
653 3275 748 3339 assere
890 3281 893 3288 '

244 3349 407 3448 scientiam]
438 3357 612 3414 sententiam
638 3353 711 3416 cod.
736 3356 770 3414 B.
795 3387 835 3403 -
867 3358 1005 3417 scentiam
1029 3355 1108 3416 Edit
1132 3353 1227 3437 princ.
1251 3386 1300 3401 —

285 3434 426 3492 scientrce
450 3446 484 3491 at
505 3435 667 3510 opinionem
687 3434 755 3494 Scio
798 3482 804 3493 .

244 3511 275 3572 in
294 3512 383 3572 salute
403 3521 501 3571 nostra
519 3510 741 3607 nonnunquam]
757 3456 892 3576 hlorent.
911 3515 1005 3578 Harn.
1023 3547 1065 3560 -
1083 3537 1307 3592 nonnunquam

285 3592 316 3650 in
335 3593 433 3650 salute
452 3605 554 3650 nostra
573 3604 672 3653 oeten.

244 3665 331 3752 lacit]
342 3671 422 3748 serit
442 3669 573 3731 Florcut.
593 3671 669 3732 Edit.
689 3673 781 3754 princ.
801 3682 904 3734 vetust.
924 3671 1012 3733 Rhol.
1031 3673 1135 3735 Venet
1156 3673 1178 3732 1.
1200 3673 1239 3732 11.

243 3759 338 3808 tamen
357 3745 530 3830 secundum]
550 3764 666 3810 tontum
683 3755 838 3811 seeundum
856 3753 949 3813 Havn.

242 3823 425 3966 praeterihpp
439 3827 568 3889 Floreat.
582 3827 658 3890 Edit
668 3830 757 3910 princ.
772 3843 830 3892 vet.
841 3832 939 3892 Verte.
952 3831 1069 3913 Sciopp.
1081 3863 1121 3876 —
1134 3853 1190 3890 non
1199 3852 1311 3904 prae-

284 3909 376 3966 teribo
421 3928 484 3966 arn.
497 3906 585 3967 Rhol.
599 3908 702 3970 Venet.
717 3911 738 3970 l.
752 3911 787 3970 ll.
802 3909 867 3971 hld.
883 3913 946 3972 Bas.
960 3910 1024 3970 Par.
1044 3909 1157 3992 Gryph.
1179 3909 1277 3990 Vulg.

244 3981 712 4125 Clplaep-thlisplCleantisvflorent.
731 3990 822 4054 Harn.
844 3989 922 4052 Edit.
942 3991 1034 4072 princ.
1055 4003 1111 4056 ret.
1125 3987 1217 4050 Rhol.
1233 3992 1315 4051 Vc-
