2732 4686
449 271 592 336 LIBER
617 271 788 338 NONUS.
966 301 974 312 ·
1087 275 1145 339 ⁴71

86 445 162 515 auri
189 447 351 518 veteribus
379 447 548 520 vocabulis
578 447 743 548 appellat?
802 451 949 522 Inductis
979 475 1049 522 uon
1077 451 1145 523 lani

83 552 304 638 irascendum,
327 577 426 651 quam
448 553 583 630 huiusce
604 555 770 652 pravitatis
793 554 952 652 patronis.
998 551 1034 626 Si
1058 559 1145 644 enini

83 682 323 754 usquequaque
346 683 415 729 nou
440 673 527 730 esset
549 662 712 756 analogia,
736 675 805 731 tum
828 659 1035 756 sequebatur,
1058 665 1094 730 ut
1109 661 1144 732 in

84 762 194 832 veihis
218 789 348 860 quoque
372 789 441 834 uon
465 783 568 849 esset3
606 790 675 836 uon
699 791 773 836 cum
797 773 884 834 esset
905 789 1144 862 usquequaque

83 884 124 938 ut
146 881 210 951 est,
233 893 301 940 nou
324 893 399 941 esse
420 870 456 940 iu
477 871 594 941 verbis.

177 977 229 1048 18.
275 971 373 1064 Quae
397 975 483 1046 enini
507 991 655 1071 estpars
679 973 809 1059 mundi,
847 999 931 1072 quae
954 999 1024 1044 non
1046 974 1142 1045 inun-

82 1077 258 1148 merabiles
287 1079 407 1150 haheat
435 1079 629 1174 analogias?
690 1077 844 1166 Caeluui,
883 1080 926 1149 an
953 1103 1059 1165 mare,
1098 1083 1142 1151 an

83 1199 188 1268 terra,
226 1185 268 1253 an
299 1207 371 1268 aer,
402 1202 441 1268 ¹et
469 1201 576 1255 cetera
599 1209 682 1281 qnae
706 1185 837 1254 suntin
859 1183 934 1256 his?
971 1206 1083 1256 uonue
1107 1185 1141 1256 iu

85 1287 192 1389 eaelo,
213 1287 250 1358 ut
272 1287 313 1358 ah
337 1288 565 1390 aequinoctiali
589 1287 708 1360 circulo
732 1289 775 1358 ad
796 1289 999 1361 solstitialem
1016 1308 1048 1362 et
1062 1291 1139 1364 hine

84 1393 129 1463 ad
160 1393 446 1490 septentn'onalem
476 1391 628 1479 divisum
665 1391 713 1464 sic
737 1409 851 1464 contra
878 1393 1011 1490 paribus
1040 1398 1139 1493 parti·

82 1500 148 1569 bus
175 1497 261 1568 idem
284 1523 304 1569 a
326 1500 440 1570 bruma
462 1525 592 1570 versum
615 1497 777 1570 eontraeia
798 1515 889 1594 parte
911 1524 995 1586 nou,
1035 1525 1139 1600 quau·

123 1795 190 1858 Per.
211 1794 325 1880 Grypb.
346 1795 465 1880 Sciopp.
484 1831 523 1842 -
549 1819 628 1857 vesus
647 1809 738 1874 atque
757 1795 830 1855 auri
846 1791 900 1856 Ed.
921 1794 1013 1878 princ.
1033 1807 1139 1860 vetust.

124 1909 165 1922 -
184 1891 275 1954 atque
295 1899 364 1936 oasa
384 1877 457 1936 auri
474 1875 548 1938 Cod.
569 1877 604 1937 B.
625 1875 713 1958 Vulg.
733 1875 832 1936 Verte.

82 1968 247 2054 vocabulis]
269 1973 431 2032 vocabulee's
448 1971 506 2032 vet
530 1995 554 2042 ,ς
573 1982 654 2052 post:
671 1972 826 2044 patroneis
845 2011 853 2030 .
874 2015 883 2031 .
903 1971 1018 2032 verleio.
1129 1993 1130 2000 ¹

81 2053 135 2115 sed
160 2046 300 2148 induetis]
332 2054 386 2112 sed
410 2072 467 2112 om.
489 1992 589 2145 Cgodex
609 2051 643 2110 B.
662 2049 750 2146 Vqlg.
770 2050 905 2146 Veqtran.
925 2081 966 2096 -
994 2050 1140 2113 iuduclet’s

123 2130 212 2216 Vulg.
232 2141 263 2192 et
281 2153 313 2194 111
331 2151 421 2214 marg.
442 2153 477 2192 ex
497 2141 674 2191 coniectura:
693 2131 847 2191 traducens.

80 2248 145 2366 uop
161 2224 253 2365 etseq]
288 2225 362 2288 Cod.
382 2227 417 2286 B.
437 2224 553 2310 Vulgat.
572 2226 672 2288 Verte.
694 2217 811 2306 Sciopp.
831 2254 872 2272 -·
890 2247 991 2286 numen
1010 2239 1083 2286 esset
1101 2220 1138 2287 li-

145 2329 170 2366 n
189 2328 224 2368 ve
239 2327 309 2368 eres.

80 2421 289 2542 usqueqqaque
308 2413 343 2462 ut
363 2398 421 2481 est]
446 2423 652 2479 usquequaque
670 2421 735 2461 cum
754 2413 797 2460 est
818 2383 892 2462 Cod.
913 2400 947 2462 B.
966 2398 1022 2461 Ed.
1041 2399 1139 2483 prinu»

122 2493 204 2544 telus
220 2524 228 2540 .

81 2598 145 2640 esse
163 2576 193 2638 iu
213 2573 322 2656 verbis]
344 2599 403 2637 esse
423 2577 515 2638 uerbis
533 2573 601 2635 Ald.
621 2574 707 2636 Basil.
727 2575 815 2636 Paris.
835 2571 951 2657 Gryph.

80 2679 144 2719 uon
163 2653 244 2735 cnm]
265 2679 334 2716 uam
353 2679 418 2718 cum
436 2656 530 2717 Havu.
592 2668 595 2676 ’

478 2801 589 2885 οη.
633 2801 741 2863 xvne.

82 2943 157 3008 quae
175 2919 269 3006 euim]
290 2945 379 3000 quam
398 2925 475 2984 em'm
494 2921 572 2984 Edit
592 2919 685 3016 pqiuc.
705 2933 763 2984 vet.
782 2955 823 2969 -
843 2929 918 2999 qu'ae
937 2921 1030 2984 llam.

80 3001 805 3164 tlttttllt‘llt“ttttttttl'eltteu
824 3091 929 3142 venne

80 3184 118 3226 an
135 3157 234 3244 nure]
254 3164 286 3222 in
305 3185 389 3223 mare
406 3163 480 3223 Veu.
501 3163 522 3222 1.
544 3161 581 3221 11.
600 3192 641 3206 -
660 3183 743 3220 mare
761 3157 828 3220 Ald.
849 3159 918 3255 Bas..
932 3160 998 3224 Par.
1018 3158 1134 3247 Gryph.

80 3253 237 3384 aucqqpriqt
256 3238 366 3321 cetera]
400 3241 501 3304 Codex
521 3241 555 3301 ll.
574 3237 692 3326 vulgat.
712 3239 849 3300 Vertran.
869 3238 987 3323 Seeopp.
1006 3272 1047 3286 -
1076 3261 1134 3302 om.

81 3415 170 3554 qnqu
184 3439 288 3558 tquosm'
299 3414 377 3476 Edit
396 3417 489 3500 princ«
508 3427 613 3480 vetut
626 3447 666 3462 -
686 3437 763 3496 quae
781 3429 849 3476 sunt
870 3393 971 3477 Codex
990 3415 1026 3477 B.
1045 3413 1133 3502 Vulg.

150 3519 182 3558 er
195 3519 220 3556 r.
264 3517 359 3580 etopp.

80 3603 114 3652 et
131 3590 213 3673 ltine]
234 3605 263 3653 et
282 3592 350 3654 huic
368 3591 445 3652 Edit.
466 3590 558 3673 princ.
577 3601 682 3652 vetust.

79 3672 117 3733 ael
137 3669 407 3753 septentrionalem]
433 3670 608 3754 praepositio
629 3690 687 3730 om.
707 3667 736 3729 in
757 3668 861 3732 Venet.
881 3669 904 3729 1.
925 3669 962 3729 ll.
982 3667 1049 3732 Atd.
1069 3669 1134 3731 Bas.

122 3749 209 3812 Paris.
229 3747 346 3833 Guyph.

80 3857 184 3987 ωιὶῗ
192 3843 337 3988 0ppre'nelqps]
360 3846 441 3910 Flor.
460 3841 548 3932 Vulg.
567 3845 667 3906 Verte.
688 3843 807 3926 Sciopp.
827 3858 990 3906 -contra
1009 3865 1030 3905 u
1046 3845 1133 3922 pari-

81 4021 158 4084 idem
177 4041 194 4084 a
213 4019 330 4103 bruna]
350 4023 422 4084 item
440 4043 462 4084 a
481 4024 586 4086 lem
604 4019 721 4108 Vulgat-
742 4019 839 4082 Verte.
860 4017 978 4102 Seiupp.
