2618 4672
236 246 317 372 ΒΜ.
555 301 701 366 LIBER
717 295 975 364 SEPTIMUS.

140 551 147 568 ,
237 509 311 554 rum
334 479 494 579 appellat3
532 502 633 578 quare
656 479 790 550 Tartari
811 477 904 574 origo
928 477 1069 549 Graeca.
1124 475 1264 548 Palulaa

236 586 488 685 paludamentis.
549 585 644 656 Hauc
672 585 816 679 iusignia
839 602 936 680 atque
960 601 1155 654 ornamenta
1175 584 1265 653 milita-

237 693 303 777 ria3
341 691 417 761 ideo
449 690 492 760 ad
519 689 641 760 bellum
671 716 771 786 quom
802 690 864 760 exit
891 691 1069 784 imperator
1098 712 1136 757 ac
1163 689 1264 758 lictores

237 811 404 866 mutarunt
432 811 558 865 vestrm
581 810 613 866 et
635 793 729 886 signa
751 793 973 878 incinueruut,
1012 793 1190 863 Paludatus
1212 793 1265 862 diri·

237 917 290 972 tur
310 899 487 996 proficisci3
525 923 609 996 quae
631 915 805 994 propterea
828 899 919 996 quod
943 899 1202 994 conspiciuntur,
1228 897 1266 993 qui

238 1031 278 1078 aa
300 1004 437 1090 habent,
465 1029 505 1076 ac
527 1007 608 1074 liunt
629 1003 750 1100 palam,
771 1003 1013 1074 Paludameuta
1037 1003 1134 1074 dicta.

325 1123 494 1179 staurus
1058 1185 1063 1194 ‚

279 1211 629 1308 Epeamsamrficmn,
653 1213 712 1311 qui
730 1211 854 1308 legioni
869 1225 1005 1286 nostrae
1024 1215 1124 1286 tabet

283 1317 420 1388 Cortum
440 1316 558 1387 cr'bum.

234 1423 366 1520 Epeum
393 1421 570 1492 fumifluum
597 1447 714 1492 cocum
742 1423 783 1493 ab
811 1422 905 1519 Epeo
936 1421 991 1494 illo
1022 1423 1079 1519 qui
1107 1423 1216 1494 dicitur
1235 1418 1265 1488 ad

236 1526 376 1599 Troiam
397 1525 516 1599 secisse
539 1552 660 1624 equum
682 1525 867 1598 Troianum
889 1529 1018 1623 Argivis
1042 1546 1076 1600 rt
1090 1547 1166 1626 apte
1185 1528 1266 1598 riluu

237 1656 381 1706 curasse.

236 1901 376 1988 appellat]
397 1905 554 1980 appellant
574 1903 629 1964 Ed.
650 1903 742 1986 princ.
762 1915 821 1965 vat.
845 1937 886 1951 -
919 1924 991 1986 quae
1011 1914 1173 1984 sequuntur
1190 1895 1266 1962 rerba:

276 2007 370 2062 quare
391 1983 521 2044 Tartari
539 1985 622 2063 arrigo
639 2007 751 2064 graeca
765 1983 795 2044 iu
815 1995 936 2065 utraque
957 1983 1135 2044 desideratur
1154 1980 1265 2043 editore.

256 2061 339 2123 aluda
359 2083 375 2121 a
394 2059 617 2144 paludamentis]
634 2065 755 2140 plauda
775 2087 795 2122 a
811 2065 1037 2139 plaudamenti&
1057 2065 1152 2124 Havu.

281 2137 332 2225 ec]
352 2140 482 2202 Floreut.
503 2143 597 2202 Havu.
615 2175 656 2188 -
676 2143 754 2203 Sunt
773 2144 847 2204 haec
866 2142 955 2205 ceteri
975 2162 1084 2204 omues.

234 2233 265 2284 at
286 2242 322 2282 ue
342 2219 526 2300 ornamenta]
560 2221 654 2282 Havn.
674 2255 714 2268 -
734 2244 771 2283 ac
790 2237 962 2284 ornamenta
982 2223 1114 2282 Floreut
1135 2219 1225 2282 Codex
1241 2215 1267 2272 B·

302 2300 354 2361 dit.
379 2298 472 2382 princ.
493 2314 550 2361 vet.
578 2301 666 2362 llltul.
688 2301 790 2362 Venet.
811 2303 833 2362 l.
854 2303 891 2362 ll.
913 2301 979 2362 ald.
1001 2303 1066 2363 Bas.
1085 2302 1154 2363 Par.
1174 2293 1269 2380 Gryph-

273 2410 315 2427 -
334 2393 362 2438 et
382 2394 556 2440 ornamenta
576 2379 693 2466 Vulgat.
714 2381 849 2443 Vestram.
870 2381 990 2464 Sciopp.

233 2455 358 2538 bellum]
379 2461 493 2520 boclam
511 2461 605 2521 llavn.
907 2495 914 2500 ·

235 2536 342 2621 φιοιυ]
363 2539 457 2598 llavu.
477 2571 518 2584 -
536 2564 601 2600 cam
621 2539 719 2603 ceteri.

232 2623 393 2681 mutarum
401 2629 511 2680 vestem
555 2616 687 2680 Floreut.
708 2621 801 2680 llavu.
822 2618 876 2680 Erl.
897 2620 988 2702 princ.
1007 2631 1113 2680 vetust.
1131 2652 1172 2665 -
1190 2626 1268 2676 muta·

274 2711 374 2760 rerunt
398 2712 500 2757 sartam
552 2697 611 2759 hol.
632 2700 707 2760 Veu.
730 2701 750 2760 l.
771 2701 807 2760 ll.
834 2699 900 2759 Atd.
922 2699 985 2761 Bas.
1005 2699 1093 2759 Paris.
1115 2697 1225 2781 Gryph.
1241 2724 1272 2737 -

272 2790 390 2840 mutant
410 2791 511 2837 restem
531 2777 606 2840 Cod.
626 2779 662 2838 B.
682 2779 799 2863 Vulgat.
819 2779 955 2841 Vestrau.
976 2779 1096 2860 Sciopp.

231 2857 381 2939 paludatus
416 2857 584 2932 plaudatur
603 2859 696 2919 Havu.

231 2948 355 3021 propter
395 2935 453 2998 uod
468 2957 537 2998 cous
559 2936 686 2998 iriuutur
723 2937 856 2999 Floreut.
876 2937 977 3000 Codex
997 2939 1031 2998 B.
1052 2937 1107 2998 Ed.
1126 2936 1216 3020 priua
1234 2951 1273 2988 rt-

271 3015 386 3078 tustll
410 3014 503 3076 olaud.
553 3029 628 3078 ruet.
649 3019 671 3078 l.
706 3019 727 3078 l.
741 3051 782 3064 —
798 3033 957 3096 propterea
977 3020 1059 3095 quad
1070 3018 1272 3095 conspiciamur

270 3095 365 3156 llavu.
384 3093 451 3155 ald.
472 3096 535 3158 Bas.
558 3098 623 3157 Par.
643 3097 690 3157 Gr
731 3097 760 3156 h.
780 3096 869 3183 Vulg.
889 3098 987 3158 Vertr.
1009 3097 1129 3178 Sciopp.

230 3171 448 3316 galadamenta]
464 3177 683 3252 plaudamenta
691 3119 796 3238 lllam.

257 3250 366 3335 lautus]
387 3255 500 3314 Plutus
519 3255 596 3316 Edit.
639 3257 710 3317 riuc.
730 3267 788 3318 ret.

229 3327 565 3414 lumilicum]sam1'cum
585 3277 662 3396 Elis.
680 3336 773 3417 princ.
792 3347 850 3398 vet
870 3335 975 3398 Venet.
996 3337 1019 3395 l.
1040 3337 1076 3396 ll.

230 3413 281 3496 qui
307 3412 415 3495 legioni
438 3425 554 3475 nostrae
579 3414 666 3476 habet
691 3427 805 3476 coctum
833 3415 940 3476 cibum:
975 3417 1086 3498 Epeum
1114 3403 1278 3486 lumifiruul

268 3492 414 3562 Flureut.;
433 3492 502 3554 itam
523 3495 627 3571 llam„
647 3495 697 3575 qui
716 3494 747 3555 in
767 3495 823 3556 tiae
834 3498 1013 3575 fumiferam
1031 3491 1162 3555 erhrlret.
1182 3525 1223 3539 -
1241 3511 1279 3549 rt-

268 3571 327 3633 teri
346 3591 446 3633 omues
465 3571 535 3635 ltaec
555 3573 643 3636 verba
662 3587 731 3656 post
750 3599 866 3636 curasse
879 3574 936 3636 hoc
950 3574 1037 3634 modu
1051 3575 1202 3634 inserunt:
1223 3573 1278 3628 ider

269 3654 317 3712 αἱ(
342 3649 453 3726 Epeum
470 3655 640 3732 sumr'ficum
660 3657 740 3732 qui.
763 3697 771 3714 .
793 3697 801 3714 .
823 3655 934 3726 cibum3
967 3653 1016 3715 ubi
1035 3655 1115 3734 legia
1137 3657 1174 3714 r'rr
1195 3667 1281 3714 aaran

267 3731 345 3792 Edit.
365 3730 456 3810 princ.
476 3744 547 3804 vet.;
567 3733 637 3793 item
648 3735 796 3812 sauricum
815 3745 849 3794 ut
869 3755 963 3816 supra.

225 3806 348 3954 tart
360 3812 762 3974 talliatam
781 3811 1202 3976 amalasar...
1218 3887 1284 3972 ..1

292 3968 403 4048 andin.)
429 3968 529 4031 Codex
549 3971 584 4032 B.
609 3970 727 4070 vulgat.
753 3972 813 4051 (Ar
834 3971 925 4050 iveta).
946 3971 1081 4033 Verlran.
1102 3971 1231 4056 Sciopp.
1250 4001 1283 4014 -

265 4064 295 4113 at
314 4049 435 4134 Argivis
452 4051 548 4114 cibum
569 4051 717 4120 Victortua
737 4071 772 4116 ex
791 3997 921 4117 Floreat
942 4051 1035 4118 Ham·
1055 4049 1213 4116 liltolmd.
1235 4053 1285 4111 Vr·
