2640 4670
280 926 330 997 M.
366 929 572 999 TERENTI
603 932 842 1002 VARRONIS

54 1097 161 1210 DE
234 1103 627 1218 LINGUA
696 1107 1088 1220 LATINA

539 1323 578 1366 AB

128 1431 179 1506 M.
229 1431 536 1512 TULLIUM
579 1431 985 1512 CICERONEM

409 1603 526 1658 omno
550 1603 708 1661 snst.

482 1795 633 1812 —-

51 2027 75 2092 1.
105 1963 280 2120 Origines
302 2027 476 2100 verborum
498 2049 582 2124 quoe
606 2027 672 2098 sint
691 2025 856 2112 locorum,
880 2042 913 2098 et
934 2050 975 2098 ea
996 2053 1080 2126 quae
1091 2043 1127 2100 51

47 2126 154 2218 inhio,
181 2131 215 2202 in
237 2131 346 2238 priore
368 2131 452 2204 libro
475 2130 600 2228 scripsi.
644 2131 683 2200 ln
706 2130 769 2201 hoc
792 2131 897 2200 dicam
921 2131 962 2204 de
984 2157 1081 2204 voca·

396 2327 517 2389 LIBER
544 2325 712 2390 SEXTUS.

45 2427 78 2486 M
101 2430 219 2492 Terenti
236 2431 381 2492 Varronis
399 2429 446 2490 De
465 2433 571 2512 lingua
591 2433 692 2492 latina
712 2431 788 2492 liber
808 2433 925 2508 quintus
943 2432 1080 2507 explicit,

75 2510 173 2586 incipit
192 2513 269 2572 liber
287 2525 398 2570 sextus.
417 2509 551 2570 Floreat.
564 2543 604 2556 -
623 2511 666 2570 Μ.
683 2511 813 2570 Terentii
829 2512 975 2571 Varronis
992 2511 1081 2572 Lr'ter

74 2587 220 2650 Secundus
238 2591 343 2665 incipit
364 2589 440 2650 Edit
481 2587 560 2650 rinc:
573 2588 661 2648 Rhol.
681 2589 786 2649 Venet.
807 2591 829 2648 I.
850 2591 886 2648 ll.
900 2625 941 2636 -
960 2591 1002 2650 Μ.
1026 2591 1080 2650 Te-

73 2671 161 2728 rentii
177 2671 323 2728 Varronis
341 2670 428 2730 Liber
449 2611 600 2729 secundos
620 2670 656 2728 de
668 2669 697 2726 V
696 2669 827 2729 ocobutr's
842 2669 870 2728 Τ
866 2691 1013 2745 emporum
1033 2691 1078 2729 re·

71 2747 174 2824 busque
193 2750 270 2808 inter
289 2751 436 2829 agendum
447 2751 539 2827 fiunt.
559 2746 638 2807 Edit.
657 2759 762 2808 vetust.
782 2779 823 2793 -
854 2749 896 2806 Μ.
920 2749 985 2808 Ter.
1005 2750 1033 2808 V
1032 2771 1078 2808 ar.

72 2827 105 2885 de
128 2829 235 2904 linqua
254 2829 357 2889 latina
376 2841 405 2888 et
426 2829 463 2887 de
484 2829 630 2887 verborum
650 2827 763 2907 origine
782 2831 827 2887 ad
845 2826 1010 2888 Ciceronem
1027 2829 1079 2886 Li·

70 2906 116 2964 ber
139 2908 270 2984 quintus.
290 2907 357 2968 Md.
377 2907 441 2967 Bas.
462 2906 525 2966 Por.
549 2905 578 2965 G
634 2905 662 2965 h.
681 2937 722 2951 -
754 2905 797 2966 M.
820 2907 951 2966 Terentii
966 2908 994 2964 V
992 2927 1079 2966 arro-

70 2985 112 3044 nis
131 2989 170 3045 de
190 2987 296 3066 lingna
317 2988 418 3046 latina
437 2989 484 3046 ad
500 2985 543 3046 M.
560 2986 693 3045 Talium
712 2983 878 3046 Ciceronem
898 2987 973 3044 liber
994 2986 1080 3060 quin-

68 3077 123 3124 tos.
149 3063 270 3147 Vulgat.
296 3065 432 3126 Verum.
452 3097 493 3110 -
527 3066 569 3126 M.
593 3065 726 3125 Terentii
742 3064 888 3124 Varronis
907 3063 952 3122 De
972 3066 1079 3143 lingua

67 3143 177 3204 latina.
228 3145 315 3206 Liber
338 3143 465 3224 Quintus
484 3146 530 3204 ad
546 3143 589 3205 Μ.
612 3143 744 3202 Tullium
764 3140 938 3204 Ciceronem·
959 3143 1077 3226 Sciopp.

66 3253 101 3268 -
120 3224 156 3284 ln
178 3221 252 3286 cod.
272 3225 305 3286 B.
328 3227 420 3284 Havn.
442 3223 520 3284 nullo
539 3234 631 3284 exstat
649 3219 808 3302 inscriptio.

454 3354 564 3437 Cap.
623 3355 646 3415 1.

33 3453 175 3538 Origines]
197 3459 349 3540 Origiaeio
368 3457 487 3540 Sciopp.

32 3555 91 3626 qnae
127 3561 192 3614 ooo
212 3539 343 3600 Florent.
640 3615 648 3631 .

31 3537 107 3707 noti
119 3617 255 3678 Florem.
275 3617 368 3678 Havn.
390 3613 508 3680 cono.
527 3615 582 3676 Ed.
602 3636 694 3698 princ.
714 3627 819 3678 vetust.
841 3647 881 3660 ·-
899 3615 1075 3710 sunttRhol.

30 3697 213 3858 ..ltsstj
230 3695 611 3837 ¹i10'22‘3essfflff11it
632 3694 739 3836 'Mi'
755 3694 1074 3834 ‚i1.viii'i.⁰.‡⁰ii..

61 3853 178 3950 G'M'h'
196 3887 238 3902 -
256 3871 285 3916 et
306 3877 383 3934 quoe
403 3853 503 3916 Codex
523 3855 556 3916 B.
578 3854 656 3916 Edit.
677 3853 769 3937 princ.
789 3865 847 3916 vet
868 3852 956 3938 Vulg.
975 3853 1074 3915 Vertr.

28 3935 180 4096 iiosluiiiii
198 4013 273 4080 cod.
286 4014 321 4075 B.
340 4045 381 4062 ·-
400 4013 462 4076 oea
482 4011 600 4096 Vulgat-
