2732 4686
413 291 557 354 neuun
585 291 748 354 nouus
864 242 868 251 ’
1052 291 1113 354 tot

39 493 124 540 non
150 467 351 552 mesdeo,
384 465 504 537 balnea
526 467 634 539 dicere
656 494 726 539 non
748 477 1005 551 consueverunt,
1038 491 1113 538 cum

41 575 121 644 boc
152 573 278 670 antiqui
306 598 375 643 uon
405 573 585 658 Balneum,
623 573 682 645 sed
709 571 921 644 Lavatriuam
948 571 1113 668 appellare

47 693 289 749 consuessent.
336 675 394 746 Sic
414 676 532 773 Aquae
556 677 680 749 Caldae
704 682 745 750 ab
764 678 844 750 «loco
868 693 901 748 et
921 703 1007 773 aqua
1029 699 1114 774 quae

49 785 102 853 ibi
133 799 292 868 scateret,
327 807 400 852 cum
429 799 463 852 ut
485 780 669 854 colerentur
689 786 858 856 venissent
878 783 914 854 iu
934 807 1033 852 usum
1055 805 1115 852 no·

53 889 149 972 stris,
172 913 245 957 cnm
268 887 351 958 aliae
376 887 418 956 a'd
441 886 540 957 alium
561 889 712 960 morbum
733 890 874 960 idoneae
898 901 1020 958 essent.
1041 885 1115 956 llae

57 1019 139 1064 curu
167 991 278 1088 plures
308 1008 420 1063 essent
447 1009 484 1062 ut
511 993 662 1065 Puteolis
692 1009 725 1064 et
753 994 789 1084 iu
822 993 961 1077 Tuscis,
999 991 1116 1089 quibus

58 1099 256 1182 utebantur,
278 1096 490 1167 multitudiuis
512 1099 633 1193 potius,
657 1093 754 1195 quam
777 1097 933 1192 singulari
955 1095 1116 1167 vocabulo
1203 1131 1207 1142 ¹

61 1201 281 1298 appellarunt.
336 1201 393 1272 Sic
414 1200 547 1287 Scelus,
575 1204 665 1299 quod
688 1204 730 1274 ab
753 1203 944 1276 scandendo
968 1202 1118 1272 dicantur

62 1325 98 1378 et
120 1307 269 1402 singulos
292 1306 413 1403 gradus
437 1306 644 1393 scanderent,
666 1307 771 1404 magis
794 1323 863 1380 erat
883 1307 1117 1406 quaerendum,

61 1415 93 1484 si
123 1411 345 1509 appellassent
375 1405 530 1505 singulari
555 1411 718 1484 vocabulo
741 1413 889 1501 Scalam,
927 1439 1001 1484 cum
1024 1412 1116 1508 origo

61 1518 254 1588 nominatus
277 1516 465 1588 ostenderet
486 1533 609 1588 contra.
656 1595 659 1602 ,

154 1625 209 1697 «lt.
251 1622 334 1691 Item
343 1607 600 1718 “reprehendunl
621 1621 662 1692 de
686 1621 832 1700 casibus,
873 1621 1118 1720 quodquidam

63 1727 255 1798 nominatus
282 1726 406 1798 babent
425 1743 553 1811 rectos,
593 1725 728 1822 quidam
750 1724 920 1823 obliquos:
957 1728 1047 1822 quod
1070 1727 1117 1797 di·
1130 1743 1183 1801 145

65 1847 148 1936 cunt
174 1847 331 1928 utrosque
356 1831 392 1902 in
419 1831 553 1903 vocibus
583 1847 745 1927 oportere.
805 1829 936 1922 Quibus
957 1832 1045 1902 idem
1066 1857 1118 1904 re·

67 2146 131 2188 non
150 2126 376 2208 consueverunt]
396 2151 453 2190 uon
473 2148 531 2190 om.
550 2129 642 2190 ΗΜ).
664 2127 741 2189 Edit.
781 2126 853 2190 rinc.
872 2140 930 2190 vet.

67 2205 250 2288 lavatrinam]
283 2207 384 2270 Codex
403 2209 438 2269 B.
457 2207 574 2294 Vulgat.
595 2209 731 2270 Vertrau.
751 2149 819 2270 ἕεὶο
832 2230 871 2349 (Κ.
890 2209 983 2270 Turn.
1003 2207 1039 2272 ad
1058 2207 1120 2272 Cic.

111 2285 148 2346 tle
166 2300 238 2349 orat.
257 2289 295 2364 ll,
314 2289 362 2349 65.
379 2321 419 2334 -
439 2290 635 2349 lart'utriuam
654 2287 783 2350 Floreat
805 2288 830 2347 E
853 2288 884 2350 ‘t
904 2288 997 2369 princ.
1015 2299 1121 2351 vetust.

110 2363 198 2426 llbob
217 2399 257 2414 -
276 2369 451 2428 laviatrs'am
468 2368 573 2431 Veuet
593 2369 614 2428 l.
636 2369 673 2429 ll.
691 2365 761 2428 Ald.
779 2367 866 2428 Basil.
885 2367 975 2428 Paris.
994 2366 1111 2450 Grypb.
1172 2384 1175 2390 “

70 2460 270 2542 consuessent]
296 2461 368 2524 cot.
388 2463 424 2524 B.
444 2463 550 2525 Venet.
570 2466 592 2524 1.
612 2463 649 2524 11.
669 2495 709 2510 ·-
727 2477 909 2524 consuescent
927 2462 1008 2523 Flor.
1027 2463 1121 2524 Havn.

112 2540 165 2602 Et
184 2541 276 2623 princ.
295 2555 353 2604 vet.
377 2542 466 2603 tttot.
486 2575 526 2590 —
559 2542 865 2620 conuertentem,
884 2540 954 2603 Ald.
973 2543 1037 2605 Bu.
1055 2541 1122 2604 l’ur.

112 2617 224 2704 θηρὶ).
244 2620 361 2706 Vulgat.
382 2622 481 2683 Verte.
502 2620 621 2704 Sciopp.

72 2736 162 2798 aquae
182 2715 292 2798 caldae]
312 2741 410 2795 aquae
428 2717 549 2779 calidae
568 2715 685 2799 Vulgat
702 2717 839 2812 llertrtu.
859 2716 978 2800 Sciopp.

72 2796 108 2857 ab
129 2793 208 2876 loco]
229 2797 360 2859 Florent.
379 2797 473 2859 Havu.
493 2828 534 2843 -·
553 2818 574 2857 a
594 2798 658 2856 Ioco
678 2795 792 2876 rebqui.

73 2889 195 3016 etilii
235 2875 362 3018 ”iiiii
389 2876 589 3018 illuri
603 2875 860 3016 affluebat·
876 2873 931 3015 Eli
946 2875 1124 3016 {⁶332
1250 2931 1258 2948 “

115 3036 166 3096 ubi
181 3035 275 3098 Ham.
293 3068 334 3083 -
354 3050 382 3097 et
402 3057 501 3115 oquae
519 3036 572 3096 ubi
589 3033 690 3096 Codex
708 2975 803 3094 Bryl-
822 3047 852 3095 et
871 3057 948 3110 quoe
966 2979 1019 3096 tibi
1034 2977 1124 3119 llulg.

113 3113 211 3176 Verte.
230 3147 271 3162 -··
290 3129 319 3176 et
340 3139 416 3196 quae
435 3116 480 3176 t'bt'
497 3115 616 3198 Seiopp.

73 3205 214 3306 scateret]
237 3209 327 3272 Rbol.
345 3243 387 3258 -
404 3224 501 3272 staret
519 3209 614 3272 Hero.
633 3209 712 3271 Edit.
731 3209 824 3292 princ.
841 3222 900 3272 vet.
919 3243 959 3258 -
977 3223 1124 3272 scaterent

113 3291 216 3372 relique
234 3311 345 3352 omnes.

73 3383 232 3467 venissent]
253 3400 282 3447 et
303 3387 441 3447 venissent
461 3384 535 3448 Cod.
553 3383 589 3448 B.
608 3383 697 3468 Vulg.
716 3384 816 3446 Verte.

75 3463 195 3546 ιιοεῑῐίε]
216 3467 341 3527 nostrer's
359 3465 446 3550 Vulg.
469 3465 539 3526 item
557 3465 711 3526 Puteolet's
731 3507 739 3524 .
760 3509 768 3526 .
790 3465 912 3526 Tmen.

74 3547 130 3608 bae
149 3567 212 3608 cum
232 3545 329 3626 plures
349 3541 540 3686 mulium
561 3541 635 3606 cod.
655 3544 690 3604 Β.
708 3574 749 3590 -
769 3567 822 3605 eae
839 3543 940 3604 scribit
959 3543 1052 3610 Havn.

74 3626 112 3688 ab
131 3620 309 3706 smudeudo]
329 3624 410 3687 Flos.
475 3645 524 3688 vu.
542 3657 582 3672 -
601 3647 623 3686 a
641 3624 809 3686 scandendo
826 3623 941 3705 reliqui.

75 3701 220 3844 deoru}
241 3707 378 3766 dicuntur
396 3704 490 3766 llavn.

76 3805 201 3867 quaereu
220 3780 284 3863 um]
306 3785 484 3861 querendum
501 3781 580 3844 Edit.
599 3781 691 3864 princ.
711 3793 816 3848 vetust-
836 3781 976 3866 Stephon.
989 3779 1123 3865 Appeud.

116 3885 180 3948 pag.
200 3863 266 3926 186.
286 3897 327 3910 -
346 3864 547 3943 quaerendum
565 3863 660 3928 Batn-

77 3945 341 4040 sutaintscatema
359 3960 440 4022 Flor.
460 3983 503 4007 ·-⁶
517 3941 691 4023 scalas‘Ed.
710 3958 802 4041 princ.
822 3970 925 4020 vetust.

77 4035 256 4122 nominatius]
277 4041 401 4102 nemim‘e
420 4037 566 4104 venet-t.
587 4041 624 4103 ll.
643 4037 711 4102 Ald-
730 4037 815 4102 Buit
834 4038 924 4102 Paris.
944 4035 1060 4120 Grypb.
