2722 4676
270 281 311 347 26
601 279 746 344 LIBER
767 279 994 358 QUINTUS.

270 447 493 545 coruscare,
517 459 607 557 quod
628 483 733 552 usque
754 456 790 526 id
813 456 899 543 emit,
922 455 1033 552 quoad
1054 455 1089 526 iu
1111 456 1220 554 aliquo
1240 485 1312 532 cou-

271 563 356 637 sistit
383 564 541 658 pretium.
580 563 657 634 iude
685 561 862 632 Locarium
893 563 982 656 quod
1012 562 1162 632 daturin
1184 565 1313 652 stabulo,

271 684 305 738 et
330 668 482 753 taberna,
517 666 573 737 ubi
604 666 795 738 consistant.
855 665 911 736 Sic
932 666 1018 738 Loci
1040 666 1228 754 muliebres,
1259 671 1313 740 ubi
1341 697 1347 707 ·

269 772 430 844 nascendi
450 771 542 842 initia
565 772 757 842 consistunt.

358 887 390 953 3.
434 877 529 948 Loca
556 893 692 946 naturae
720 875 903 946 secundum
934 877 1102 973 antiquam
1131 877 1314 950 divisionem

268 982 374 1078 prima
389 982 475 1066 duo,
499 981 624 1052 caelum
648 996 680 1052 et
702 997 801 1063 terra;
825 981 943 1052 deinde
966 981 1185 1078 particulatim
1206 984 1313 1054 utrius-

269 1114 333 1183 que
361 1087 473 1179 muita.
525 1085 618 1157 Caeli
641 1085 792 1154 dicuutur
813 1084 887 1156 loca
909 1111 1028 1182 supera
1051 1103 1085 1156 et
1107 1111 1146 1156 ea
1168 1088 1314 1158 deorum:

267 1208 374 1263 terrae
397 1191 472 1262 loca
494 1191 597 1263 infera
621 1208 653 1261 et
676 1216 715 1260 ca
736 1190 917 1260 hominum.
974 1189 1023 1260 Ut·
1041 1191 1138 1276 Asia,
1177 1193 1222 1262 sic
1244 1217 1314 1264 cae·

269 1497 348 1579 quod
368 1519 459 1578 usque
479 1497 552 1558 idem
572 1493 613 1579 it]
634 1493 764 1558 Turneb.
785 1516 819 1556 ex
840 1496 917 1556 coni.
929 1495 1066 1580 Scaliger.
1080 1529 1121 1544 —
1140 1499 1221 1576 quod
1230 1521 1319 1576 usque

308 1580 345 1639 id
367 1581 436 1638 erm't
461 1576 591 1638 Floreat.
611 1577 704 1636 Havn.
725 1576 772 1635 Au
796 1575 929 1636 attinio
949 1595 1038 1660 marg.
1059 1607 1099 1622 --
1132 1581 1320 1656 quoadusque

306 1661 344 1718 id
364 1660 435 1718 euu't
461 1657 538 1717 Edit
558 1655 650 1738 princ.
669 1667 727 1716 vet.
749 1597 836 1716 Riot.
857 1655 960 1716 Venet.
985 1657 1006 1715 l.
1027 1658 1063 1716 ll.
1083 1655 1149 1716 ΔΜ.
1170 1656 1231 1716 Bas.
1252 1657 1317 1718 Par.

309 1735 423 1819 Gryph.
456 1771 496 1784 —
529 1739 633 1814 quoad
662 1759 751 1810 usque
782 1738 818 1797 id
841 1736 949 1794 erm'tur
974 1735 1092 1817 vulgat.
1119 1737 1251 1796 t'ertran
1276 1771 1318 1782 —

309 1819 499 1895 quoadusque
530 1818 612 1894 quod
637 1817 743 1875 emitur
768 1817 799 1876 in
827 1816 930 1891 aliquo
958 1819 1111 1875 consistat.
1136 1815 1252 1896 Sciopp.
1276 1849 1319 1862 -

306 1895 360 1958 Est
379 1895 448 1957 haec
468 1896 549 1956 Fulv.
571 1895 671 1955 Ursini
691 1894 868 1968 emendatio,
893 1893 943 1972 qui
963 1893 992 1952 in
1013 1895 1091 1956 notis
1110 1895 1145 1954 ad
1164 1895 1320 1978 Augustini

306 1975 398 2058 Legg.
418 1987 448 2036 et
468 1976 564 2036 Senot
587 1975 667 2035 Cous
696 1995 753 2056 pag
770 1975 837 2034 363.
851 1973 887 2032 Α
902 1972 1008 2034 Graev.
1029 1973 1098 2036 haec
1118 1974 1201 2034 dicit:
1221 1977 1320 2036 t'ectr'-

303 2059 394 2137 galia
419 2059 538 2132 quando
565 2057 706 2114 dicantur
731 2056 904 2122 consistere,
930 2077 969 2114 eu
1000 2057 1065 2115 locu
1093 2057 1222 2132 quodam
1241 2057 1321 2113 Γαν-

306 2137 388 2195 roru's
414 2135 600 2214 intelligitur
619 2137 651 2194 in
671 2135 748 2193 libro
766 2135 864 2208 prt'rroo
887 2134 923 2190 da
941 2133 976 2194 L·
996 2135 1029 2194 L.
1051 2137 1106 2211 qut'
1122 2158 1185 2194 cum
1205 2135 1237 2194 r'n
1259 2137 1321 2194 oul-

306 2215 392 2295 gatr's
410 2216 479 2272 edd.
500 2216 653 2273 nonsatis
673 2213 911 2286 mundatorem,
931 2235 952 2270 a
973 2216 1054 2274 uobis
1073 2216 1121 2274 r'ta
1136 2216 1321 2291 proferetur,
1353 2281 1354 2298 q

305 2308 339 2353 ut
360 2293 425 2372 legi
443 2294 541 2351 debet.-
592 2293 638 2352 At
659 2316 690 2352 eo
707 2315 815 2367 praeco
837 2293 949 2350 dicitur
972 2294 1086 2362 locare,
1119 2295 1322 2369 quoadusque,

306 2375 389 2450 quod
406 2373 523 2442 emitur,
544 2373 575 2431 in
596 2373 699 2447 aliquo
720 2373 873 2430 consulat.
914 2371 983 2431 Vox
998 2373 1128 2446 pretium
1143 2387 1219 2447 puto
1237 2374 1322 2452 glas·

303 2475 384 2510 serua
410 2473 485 2522 esse,
521 2453 739 2528 quodirrepsit
760 2453 792 2510 iu
811 2451 914 2510 seriem
934 2452 966 2510 in
986 2451 1190 2511 aditialibus.
1209 2486 1250 2495 -
1284 2450 1322 2510 ci.

305 2529 407 2590 Festus
427 2551 449 2590 s.
468 2553 496 2590 v.
515 2535 657 2591 atemere.
889 2533 893 2544 ¹

267 2634 362 2773 quffid
381 2633 411 2692 iu
431 2630 545 2726 aliquo]
579 2635 703 2710 quiduis
723 2633 827 2709 aliquo
849 2631 924 2692 Cod.
944 2632 978 2693 B.
998 2665 1039 2680 —
1063 2635 1194 2710 quadiu
1214 2635 1323 2710 aliquo

264 2725 571 2906 pretiniritfnqilieciririi
591 2808 722 2904 Floreat.
742 2805 820 2868 Edit.
841 2807 933 2890 princ.
953 2820 1010 2906 oet
1031 2808 1119 2907 tht.
1141 2809 1216 2869 Ven.
1240 2810 1263 2868 1.
1286 2809 1324 2867 11.

264 2885 712 3049 tdtai'ttttttittittttt
731 2887 863 3048 3313*
883 2921 925 2933 ”“
950 2913 982 2948 ’”
1002 2891 1146 2949 ‘⁰⁶⁰”“”¹
1165 2888 1263 2948 Hm

263 3047 314 3108 uhi
334 3043 506 3130 consistant]
529 3069 585 3106 om.
608 3045 682 3106 cod.
702 3048 736 3106 B.
757 3079 797 3091 -
817 3047 871 3106 uti
887 3048 1060 3107 consistitur
1080 3047 1200 3128 Sciopp.

263 3128 304 3190 sic
323 3127 440 3189 loci-
459 3123 640 3210 consistunt]
660 3148 717 3187 om.
739 3125 816 3186 Edit.
836 3125 929 3207 princ.
949 3138 1054 3190 uetust.
1073 3125 1220 3188 Rhotanti

682 3259 792 3341 cap.
853 3261 903 3318 111.

260 3361 341 3424 Loca
361 3375 479 3424 naturae
498 3359 672 3444 secundum]
694 3361 768 3422 cort.
788 3362 822 3422 lt
843 3363 912 3424 Scio
934 3385 962 3445 p.
982 3395 1023 3410 —
1042 3364 1109 3423 loca
1130 3375 1248 3422 natura
1269 3387 1331 3423 sec.

302 3441 432 3502 florent.
452 3443 545 3504 Havu.
564 3441 653 3504 Rhol.
674 3443 780 3503 Venet.
800 3443 821 3500 I.
842 3443 878 3501 ll.
930 3441 958 3502 ui
998 3454 1078 3502 t-
1098 3445 1165 3504 loca
1179 3465 1255 3501 uam
1269 3467 1331 3502 sec.

300 3521 379 3660 {aa
401 3522 493 3604 princ.
512 3535 618 3584 vetust.
636 3554 678 3568 -
697 3523 764 3582 loca
783 3523 940 3584 secundum
960 3463 1027 3584 iit.
1041 3523 1105 3584 Bas.
1118 3521 1185 3583 Par·
1200 3521 1332 3604 Gryph.

330 3615 436 3664 eruin.

261 3692 370 3779 prima]
387 3699 540 3775 pro‘nct'pt'a
559 3697 639 3760 Edit
658 3693 751 3778 prino.
769 3708 828 3759 vet.
847 3695 938 3758 Rhol.
958 3698 1064 3759 Venet.
1084 3700 1122 3760 ll.
1140 3731 1181 3744 -
1203 3701 1333 3776 princi·

296 3779 350 3854 pio
371 3777 476 3840 t'euet.
496 3779 518 3838 1.
537 3811 578 3824 —
599 3779 657 3838 duo
672 3777 775 3852 prr‘rroa
798 3775 872 3838 coa
892 3779 926 3837 lt

260 3883 293 3932 et
313 3869 406 3954 um]
425 3888 506 3934 terra
525 3874 620 3936 Ham.
639 3905 680 3920 -
699 3885 729 3932 et
749 3885 863 3933 terram
880 3872 972 3934 ahot.

260 3951 302 4013 sic
329 3949 457 4036 udum]
491 3973 550 4014 om.
571 3952 644 4014 Cot.
664 3953 699 4014 B.
719 3951 839 4034 Sciopp.
859 3987 901 4002 —
937 3955 981 4016 sic
1006 3968 1090 4014 terra
1109 3953 1221 4015 Venti.
1245 3955 1274 4014 l.
1299 3955 1337 4014 ll.

300 4030 368 4093 alt
387 4033 452 4094 Bas.
471 4031 537 4096 Par.
557 4030 673 4118 (ξηρὴ.
692 4033 828 4096 Vertrau
