2736 4676
476 311 745 389 sulrouls.
1026 345 1140 392 mvn

70 485 377 584 Jecurraeeddito
394 488 623 564 seuricireule
638 492 795 586 margini
819 491 1025 592 adscriptae
1041 507 1138 588 sunt,

77 641 132 692 ex
155 619 343 694 codicibus
366 619 521 695 haustas
544 623 703 711 censuit,
739 643 777 696 v.
801 645 832 694 c.
864 641 946 718 pag.
968 629 1040 702 326

129 751 214 826 dixi
250 751 299 825 de
335 750 450 842 lana]
487 753 528 825 ἐκ
562 752 779 851 patiendam
811 755 925 830 ettam
955 759 1137 834 ostentus

126 883 234 958 tint
261 908 474 983 perperam
510 893 586 958 est:
627 885 675 960 de
710 883 892 974 liccem
926 885 1005 978 circe
1041 916 1134 966 aaa·

126 1041 198 1116 que
225 1015 349 1090 Varro
375 1039 495 1115 repra
516 1017 645 1092 eedem
676 1017 846 1116 conpari:
876 1017 986 1094 bacea
1018 1023 1134 1100 Galu-

127 1173 231 1222 eaaa
254 1149 400 1222 valletur
420 1148 593 1248 snperato
621 1149 749 1223 anda
769 1161 935 1249 prepter
963 1155 1132 1252 spectem

77 1281 145 1354 sed
169 1280 263 1354 nulli
285 1279 464 1356 exhibent
488 1291 632 1364 veteres
657 1281 741 1358 libri
764 1282 811 1358 dc
834 1282 1003 1376 mesre,
1032 1286 1131 1379 qued
1189 1300 1193 1313 ’

81 1415 242 1504 primum
272 1413 406 1506 legiurr
431 1413 473 1492 in
503 1435 619 1508 marg,
648 1411 821 1496 editionis
840 1413 1034 1510 Augustini
1064 1417 1129 1495 ad·

79 1545 156 1618 dite
177 1545 420 1633 senricircule,
440 1543 560 1619 idest
580 1565 633 1618 ex
656 1547 875 1620 ceniecurra.

175 1709 205 1782 l.
240 1689 415 1806 Scaliger‘i
437 1711 674 1784 coniectanea
693 1712 854 1804 primurn
876 1713 998 1788 lucem
1021 1735 1127 1810 aspe-

77 1853 217 1916 xenmt
239 1864 339 1915 anne
363 1843 457 1918 15⁶3
480 1862 531 1915 ex
552 1841 666 1916 Henr.
690 1841 1042 1937 Stephanionem,
1062 1865 1127 1939 po·

77 1987 154 2050 stea
176 1971 386 2068 appendice
406 1985 526 2065 aucta,
546 1975 585 2047 in
606 1992 679 2067 qua
701 1997 742 2048 se
763 1976 886 2068 ipsum
909 1979 1067 2074 corrigit,
1090 1989 1128 2051 et
1267 1974 1270 1993 '

76 2107 173 2200 apud
194 2105 295 2184 hunc
317 2117 356 2179 et
369 2107 462 2180 alies
476 2107 624 2200 saepius
639 2127 789 2181 excusa
839 2105 984 2182 Tenea
1005 2117 1047 2180 ut
1064 2133 1125 2184 su-

11 2285 12 2290 ¹
77 2259 140 2332 pra
170 2241 387 2312 mansimus
419 2259 472 2311 ex
495 2238 665 2312 Romana
692 2256 911 2332 expressas,
939 2239 1039 2332 qued
1063 2241 1125 2316 vel

77 2372 313 2466 llipentinurn
338 2367 517 2443 editorem
546 2369 609 2461 qui
631 2368 767 2462 ubique
790 2371 965 2466 scaligeri
991 2357 1125 2468 margi·

76 2529 175 2594 nera,
207 2505 273 2596 qui
301 2502 498 2598 Augustini
522 2513 597 2590 est,
624 2500 711 2574 dicit
734 2525 855 2602 neque
875 2501 1041 2578 codicum
1072 2504 1122 2576 le-

75 2639 210 2711 ctiones
242 2659 268 2709 a
294 2635 512 2708 coniecturis
540 2644 708 2726 separat,
733 2656 810 2707 non
835 2635 974 2710 vidisse
997 2636 1120 2708 rniror.

74 2769 189 2842 Maior
227 2767 486 2842 commentarii
518 2784 606 2859 pars
640 2765 681 2838 in
726 2774 895 2841 veterrnn
928 2755 1122 2865 pactarum

71 2901 287 2997 fragmentis
303 2895 566 2971 cencirrnandis
589 2909 627 2970 et
647 2920 732 2971 curn
751 2897 891 2993 graecis
913 2897 1121 2972 auctoribus
1174 2923 1178 2932 ’

71 3029 302 3106 conserendis
324 3041 505 3120 versatrrr,
528 3049 603 3122 qua
622 3031 663 3102 in
684 3053 737 3119 re,
766 3031 880 3102 etlam
909 3027 941 3101 ri
963 3024 1121 3123 Scalige-

71 3187 149 3237 rum
170 3161 362 3236 interdum
393 3161 540 3257 ingenie
570 3159 727 3234 abusum
759 3159 921 3248 dixeris,
948 3157 1120 3252 princeps

70 3307 124 3370 est
152 3306 192 3368 et
219 3291 322 3367 surde
353 3295 552 3367 latinorum
579 3291 729 3366 fabulae
756 3302 880 3366 essent
907 3291 1119 3380 translatae,

70 3425 282 3500 certissimis
312 3422 436 3499 decuit
473 3425 668 3521 exemplis.
725 3421 855 3522 Neque
879 3413 966 3496 aitte
999 3443 1119 3521 neque

68 3571 151 3652 pest
185 3579 275 3632 eum
306 3559 421 3631 aliurn
454 3554 526 3629 hac
555 3555 747 3649 provincia
776 3553 943 3631 liurcturn
974 3552 1117 3628 inveni-

67 3713 168 3780 rnus3
190 3713 291 3763 nunc
312 3693 410 3763 enin
434 3697 582 3782 praeter
610 3709 657 3759 ea
679 3705 774 3780 quae
796 3685 856 3760 vir
875 3686 938 3758 ille
960 3688 1117 3781 sagacis·
1179 3662 1183 3673 ’

70 3825 182 3898 simus
210 3819 425 3918 indagavit,
456 3841 532 3894 nen
554 3816 668 3891 medo
693 3827 887 3910 peetarunr
907 3816 991 3890 lens
1014 3818 1117 3915 igne-

68 3967 179 4046 ratur,
203 3929 280 4030 sed
297 3953 465 4028 membra
485 3951 568 4042 ipsa
587 3951 763 4043 pleraque
787 3947 894 4022 foede
914 3949 1117 4042 inquinata,

72 4099 108 4158 ut
135 4089 210 4164 vix
241 4109 384 4161 sanurn,
406 4082 497 4178 qrrid
518 4079 646 4154 elicere
672 4081 814 4179 valeas,
843 4079 997 4153 disiecta
1018 4090 1116 4169 sunt,

71 4221 124 4294 cui
148 4222 251 4296 male
274 4231 354 4293 uun
377 4214 549 4303 demum,
577 4212 609 4288 si
630 4211 951 4308 grammaticarum
978 4210 1116 4304 scripte
