2714 4686
379 279 521 344 mnan
551 255 784 344 oonl'vos.
1049 277 1109 342 no

49 478 94 532 ut
121 457 224 552 Quis,
262 457 379 552 Quae:
416 456 575 531 vocabula
595 471 633 527 ut
654 451 806 542 scutum,
844 461 913 548 [ut]
937 452 1110 527 Gladium:

51 567 194 638 nomina
214 580 252 634 nt
267 562 441 650 Romulus,
463 563 610 634 Remus:
631 563 829 659 pronomina
850 576 886 631 ut
908 561 982 648 llic,
1004 562 1109 633 Haec.

51 671 137 743 Duo
159 667 269 742 media
291 668 442 739 (licuntur
462 666 664 752 nominatum
700 668 805 764 prima
827 681 860 736 et
889 683 1029 737 extrema
1059 691 1109 737 ar·
1176 725 1189 740 .

53 777 159 848 ticoli.
218 773 365 845 Ptimum
389 799 492 869 genus
516 787 567 842 ost
587 770 762 856 inlinitum,
798 770 980 842 secundum
1001 789 1039 842 ut
1060 773 1110 843 in·

53 882 203 966 linitum,
239 881 368 950 tertium
402 886 471 972 [nt]
505 875 678 964 effinim,
715 892 865 973 quartum
903 893 941 946 ut
976 877 1109 952 finitum.

54 985 155 1056 Haec
189 985 376 1080 singulatim
409 981 548 1080 triplicia
582 1007 655 1052 osse
690 981 811 1054 dehent
844 981 952 1080 quoad
972 1007 1110 1068 ‚sexum
1192 1061 1195 1070 Ι

54 1089 317 1184 multitudinem²
349 1112 472 1160 casnm.
516 1085 656 1201 διειιιιιιζ
689 1103 796 1156 utrum
817 1087 908 1158 virile
932 1087 1109 1206 ansmnlie·

55 1195 137 1280 bre,
159 1219 202 1264 an
223 1209 374 1264 nentmm
396 1192 452 1279 sit,
472 1179 511 1262 'ut
531 1189 670 1277 Doctum
692 1191 810 1278 Docta,
832 1192 988 1264 Doctum.
1020 1191 1109 1262 Mul-

57 1294 248 1385 iimdinem,
276 1325 379 1369 unum
402 1323 444 1368 an
466 1297 561 1394 plura
583 1297 755 1391 significet,
781 1312 819 1368 ut
839 1297 921 1383 Hic,
943 1297 1004 1384 Hi,
1026 1297 1111 1369 Hae.

59 1402 204 1489 Casum,
240 1419 348 1476 utrum
368 1419 457 1473 recto
481 1387 610 1490 sit‚‘ut
630 1403 781 1490 Marcum
820 1427 863 1473 an
886 1402 1036 1501 obliquo,
1075 1419 1112 1472 ut

55 1508 196 1596 Marem
218 1532 262 1582 an
283 1507 465 1594 communi,
486 1523 524 1578 ut
543 1507 641 1579 Iovis.

57 1855 95 1905 ut
115 1841 193 1923 quis,
213 1837 308 1938 quae]
332 1838 487 1932 Angustia.
507 1841 537 1902 io
556 1839 706 1902 Emendat
727 1839 861 1902 Vertran.
880 1839 999 1923 Sciopp.
1017 1873 1058 1887 -
1077 1855 1111 1901 ut

101 1924 223 2000 quisque
242 1921 308 1981 hon
328 1942 438 1983 onmes.

58 2023 214 2106 voeabula]
235 2044 293 2086 om.
312 2024 444 2086 Florent.
463 2025 557 2086 Ham.

57 2140 226 2201 nitentum,
246 2141 279 2190 ut
292 2126 432 2216 gladium]
452 2127 584 2189 Floreat.
603 2127 697 2189 Havu.
718 2125 793 2190 Coti.
811 2125 848 2188 B.
867 2125 922 2188 Ed.
943 2127 1033 2222 princ.
1054 2137 1112 2220 νςῑ.

100 2205 1003 2370 iltlllffl‘llllllnltt'nulls‘tltt'tltt'
1021 2205 1111 2268 ΡΜ·

59 2390 224 2454 nominatus
243 2389 335 2532 {nima
355 2388 399 2470 et]
420 2388 500 2450 Flor.
519 2409 565 2437 -’
575 2392 677 2466 prim
697 2389 877 2451 nominantis
897 2387 997 2450 Codex
1017 2388 1052 2448 B.
1071 2419 1113 2448 -ι-

101 2473 222 2534 nomina
310 2471 412 2547 prima
432 2483 461 2530 et
480 2469 575 2532 Ham.
594 2501 635 2516 -
667 2469 828 2530 nominatis
843 2470 945 2546 primo
965 2483 993 2528 et
1013 2463 1111 2530 Editio

122 2551 193 2610 rinc.
213 2560 272 2610 vat.
291 2581 332 2596 -
356 2550 474 2609 nomina
490 2551 591 2625 prima
611 2563 640 2609 et
657 2546 746 2610 Rhol.
766 2548 841 2610 Ven.
860 2547 883 2608 l.
903 2549 940 2608 11.
959 2547 1027 2608 Ald.
1048 2549 1112 2608 Bas.
1154 2589 1157 2597 ,

98 2573 168 2692 lar.
188 2627 303 2712 Gryph.
322 2626 411 2713 Vulg.
431 2628 530 2690 Vertr.
550 2628 669 2710 Sciopp.

57 2733 180 2796 tertium
199 2744 235 2793 nt
253 2730 409 2812 eslinitnm]
443 2729 510 2791 libri
529 2743 642 2792 veteres
662 2751 769 2791 omnes.
788 2761 829 2776 -
853 2730 974 2790 tertium
994 2743 1027 2790 nt
1037 2730 1112 2808 fini-

101 2827 166 2874 turn
184 2810 338 2896 Angustia.
358 2811 390 2872 in
408 2809 559 2872 Emendat.
579 2812 678 2871 Vertr.
699 2811 817 2894 Sciopp.
830 2841 872 2855 —
889 2810 914 2870 F
915 2821 973 2870 ort.
992 2811 1115 2870 tertium

99 2905 144 2952 est
152 2893 286 2972 finitum.

59 3006 197 3079 quartum
217 3005 251 3055 ut
268 2991 397 3074 linitum]
417 2993 510 3054 Havn.
530 3025 571 3039 ··
590 3007 730 3070 quartum
740 2994 864 3072 finitum
883 2989 983 3052 ceteri.

59 3100 105 3162 sin
148 3095 242 3180 latim]
263 3095 345 3158 Flor.
364 3097 458 3158 liano.
478 3095 555 3158 Edit.
575 3095 667 3180 princ.
687 3107 792 3156 vetunt.
813 3093 901 3154 Rhot.
921 3093 1026 3154 Venet„
1040 3092 1062 3151 l.
1077 3093 1114 3153 ll.
1174 3053 1178 3070 =

131 3177 170 3238 ld.
190 3177 254 3237 Bas.
273 3177 362 3241 Parin.
381 3175 496 3260 Gryph.
520 3209 561 3224 -·
592 3177 757 3258 sigillatim
778 3173 851 3234 Cod.
872 3173 907 3233 B.
927 3171 1005 3233 Edit.
1026 3171 1115 3256 Vulg.

100 3260 203 3320 Vei-tr.
222 3255 341 3340 Sciopp.

61 3359 160 3446 quoad
178 3355 295 3443 sexum]
328 3359 446 3444 vulgat.
465 3359 600 3422 Vemao.
620 3357 738 3442 Sciopp.
758 3389 798 3404 -
828 3357 910 3436 qnod
925 3377 1028 3416 sexum
1047 3353 1116 3416 libri

101 3453 216 3503 veteres
236 3461 344 3503 omnes.
629 3461 632 3466 ·

61 3541 178 3624 sexum]
198 3557 316 3606 sextum
333 3543 427 3604 Ham.

62 3649 173 3710 Sexum
193 3643 309 3730 utrum]
334 3644 464 3708 Floreat.
485 3647 579 3708 Havu.
599 3643 687 3730 vulg.
706 3644 842 3704 Vertrao.
863 3640 981 3726 Sciopp.
1000 3675 1040 3686 -
1062 3639 1115 3701 Se·

102 3751 162 3789 :cus
180 3741 280 3786 utrum
298 3725 412 3808 reliqui.

59 3823 172 3914 unum]
192 3843 225 3890 ut
244 3853 333 3890 unum
351 3829 445 3892 flavo.

60 3933 112 3995 hic
131 3931 169 3994 hi·
182 3930 268 4013 haec]
289 3933 353 4007 tte,
373 3933 421 4006 ht,
442 3933 500 3994 lae
519 3930 594 3994 cod.
613 3931 649 3991 B.
669 3929 757 4016 Vulg.
777 3929 877 3992 vero.
898 3926 1018 4009 Sciopp.

62 4032 230 4119 commum]
250 4057 395 4100 comme
413 4037 507 4101 Havn·
528 4067 567 4083 -
586 4035 669 4097 Fort.
689 4047 723 4094 ut
744 4034 821 4096 Οιίι.
