2732 4686
404 297 546 362 nunu
571 297 742 362 NONUS.
1038 303 1099 368 529

45 489 178 568 potem
192 469 234 542 ιιι
249 471 444 558 Disceliam,
460 472 583 557 Disco,
605 473 743 546 Discam
765 490 799 546 et
819 474 935 545 eadem
955 475 1099 572 perlecti,

46 579 94 649 sic
115 578 324 656 Didiceram,
336 577 473 662 Bidini,
493 577 660 650 Didicero.

133 691 187 758 55.
223 683 275 752 Ex
297 707 363 778 que
385 683 462 752 licet
483 681 566 752 scire
588 683 761 754 verberum
781 684 943 754 rationem
967 701 1096 756 cousta-

44 813 100 872 τε,
122 785 181 858 sed
204 811 262 858 eos
286 788 342 883 qui
364 787 460 856 trium
481 802 664 882 temporum
686 789 784 860 verba
805 787 1018 882 pronuntiare
1035 797 1095 862 've-

44 890 119 975 lint,
158 891 296 962 scienter
316 889 351 961 id
373 889 497 978 iacere;
536 891 625 962 idem
645 892 737 978 illos,
775 892 832 988 qui
852 891 1096 989 reprehendunt

45 997 137 1092 qnod
159 997 305 1068 dicamus
328 993 441 1078 Amor,
463 993 620 1083 Amahor,
642 999 780 1067 Amatne
803 1021 892 1080 sum3
915 1023 984 1068 uon
1007 999 1096 1070 enim
1134 1071 1138 1092 ¹

44 1102 200 1185 debuisse
221 1101 257 1169 in
280 1097 346 1168 nna
368 1099 451 1169 serie
473 1125 575 1169 nuum
598 1103 731 1173 verbum
754 1125 829 1172 esse
852 1100 1001 1196 duplex,'
1019 1127 1095 1171 cum

43 1207 111 1276 duo
136 1204 294 1302 simplicia
317 1219 437 1274 essent.
474 1201 590 1300 Neque
613 1231 652 1276 ex
675 1205 833 1276 divisione
856 1205 886 1275 si
907 1205 1095 1276 uniusmodi

42 1333 152 1404 ponas
172 1309 281 1394 verba,
305 1307 493 1403 discrepant
506 1307 642 1393 interm
665 1334 742 1378 nam
756 1310 877 1380 iniecta
891 1309 1001 1380 omnia
1017 1309 1093 1379 sim·

41 1414 142 1510 plicia
164 1413 280 1484 similia
297 1429 373 1482 sunt
396 1429 428 1484 et
449 1411 593 1508 perlecta
617 1413 758 1508 duplicia
780 1416 922 1485 interae
945 1413 1038 1510 pan'a
1060 1414 1094 1484 iu

41 1519 197 1588 omnibus
219 1518 324 1588 verbis
340 1533 376 1586 ut
390 1517 481 1600 haec,
503 1515 657 1601 Amabat,
678 1516 792 1604 Amor,
815 1519 970 1602 Amaboc,
991 1520 1092 1588 Ama-

40 1640 95 1694 tns
119 1646 185 1694 ero.
230 1619 343 1712 Quare
364 1621 443 1690 item
464 1620 549 1690 male
573 1619 684 1691 dicunt
703 1622 732 1690 F
735 1622 817 1706 ecio,
838 1620 986 1706 Feriam,
1011 1620 1092 1691 Pec-

41 1729 141 1814 cussi,
163 1727 251 1824 quod
275 1743 327 1823 εει
348 1726 440 1810 ordo,
462 1724 491 1794 F
494 1724 602 1810 eciam,
623 1724 652 1794 F
654 1727 732 1822 ecio,
754 1725 944 1798 Fenehams
967 1726 1093 1798 etitem

20 1969 91 2052 χιιι]
112 1985 141 2032 et
158 1973 249 2032 Havu.

38 2049 197 2130 discebam]
218 2051 367 2112 discedam
385 2049 464 2111 Edit.
483 2049 575 2130 princ.
595 2060 699 2111 velust.

461 2181 570 2264 Cap.
608 2179 671 2242 LV.

38 2287 183 2349 rationem
203 2279 354 2367 constare]
373 2283 491 2370 Vulgat.
511 2285 611 2346 Verlr.
632 2281 801 2366 Sciopp.—
820 2283 939 2343 ratione
958 2295 1092 2343 condere

80 2377 193 2427 celeres
210 2365 278 2426 libri
298 2385 406 2426 omnes.

38 2467 92 2508 eos
113 2441 285 2582 quthrium]
306 2468 354 2505 ees
368 2467 425 2521 per
442 2446 532 2504 trium
551 2440 629 2503 Edit.
648 2442 740 2524 princ.
759 2452 817 2503 vet.
837 2473 876 2488 -
896 2464 944 2500 eus
964 2441 1018 2517 qui
1034 2441 1091 2502 tri·

82 2539 144 2584 ium
192 2546 253 2584 avn.
732 2571 738 2596 ,

39 2604 70 2665 id
91 2601 201 2684 lacere]
222 2606 258 2663 id
267 2606 375 2682 facere
391 2605 466 2662 scire
485 2602 554 2662 licet
574 2599 661 2682 Vulg.
681 2601 781 2660 Verte.
802 2599 921 2680 Sciopp.

39 2685 118 2743 idem
138 2681 217 2761 illos]
238 2686 308 2742 elem
328 2685 400 2744 ilios
419 2680 505 2764 Vulg.
527 2680 661 2739 Veclran.
682 2679 799 2758 Sciopp.

40 2762 121 2843 quod
141 2761 263 2822 dicamus
301 2761 382 2822 Flor.
401 2761 493 2820 Havn.
513 2791 554 2804 -
573 2760 655 2836 qued
672 2759 797 2818 dicimus
816 2755 916 2818 ceteri.

39 2863 131 2904 unum
150 2840 269 2900 verbum
308 2843 453 2902 cerberum
471 2839 563 2898 Havu.

39 2918 200 3092 disidodi,
221 2921 435 3060 llallldiusmodi
454 2993 562 3080 ponas]
595 3015 695 3055 omnes
714 3005 827 3086 veteres
848 2991 923 3052 libri.
942 3023 983 3037 -
1016 2991 1091 3052 dioi-

54 3099 58 3108 ·
80 3081 161 3138 sione
180 3081 348 3139 uniusmodi
361 3100 455 3152 paene
473 3075 591 3159 vulgat.
613 3075 747 3136 Vertran.
767 3073 856 3153 Scmp
878 3115 886 3130 .

40 3155 181 3240 duplicia]
202 3160 334 3234 duplicia
353 3155 432 3217 Edit
451 3155 542 3238 princ.
561 3166 665 3217 vetust.
684 3185 725 3200 ·-
745 3167 773 3212 et
794 3094 929 3229 duplicia
948 3151 1040 3210 Havu.

40 3233 154 3318 verbis]
176 3239 281 3297 verbeia
299 3236 388 3319 Vulg.

40 3329 74 3377 ut
93 3313 178 3394 hacc]
208 3315 288 3377 Flos.
307 3316 400 3376 Havn.
420 3349 460 3359 -
479 3329 512 3373 ut
532 3314 586 3374 lloc
605 3310 672 3372 illd.
692 3313 747 3382 Bas
775 3310 841 3371 Pac.
863 3305 977 3390 Gryph.
996 3339 1036 3354 -
1056 3320 1090 3366 ut

80 3397 129 3455 hic
148 3395 224 3534 Edp
246 3396 336 3529 wilm
355 3404 459 3455 vetusc
480 3393 567 3454 Rhol.
588 3393 693 3454 Venet.
714 3389 950 3452 1.11.veruan.
971 3387 1089 3468 Sciopp.

79 3506 120 3519 -
139 3489 173 3534 ut
214 3478 256 3535 cic
306 3497 324 3532 u
356 3517 363 3531 .

38 3551 168 3631 amabar]
189 3557 313 3612 amabor
325 3473 375 3634 lgr.
396 3573 434 3612 m.
454 3551 547 3612 llavu.

38 3643 148 3692 amatus
167 3629 237 3714 ere]
259 3635 341 3692 Fert.
362 3646 481 3690 amatus
499 3651 597 3699 eram,
615 3652 699 3702 sum,
718 3650 776 3688 eru.
821 3654 823 3663 ·

40 3711 141 3772 dicunt
148 3710 233 3850 gerlo
254 3707 373 3792 seciam]
392 3712 494 3769 dicunt
505 3711 622 3788 feriam
641 3708 745 3768 venet.
766 3709 787 3766 1.
808 3707 843 3766 ll.
863 3705 929 3766 Ald.
950 3704 1015 3765 Bas.
1030 3703 1090 3764 Ρι-

78 3790 128 3850 ris.
180 3813 195 3849 r
234 3791 262 3851 h.

38 3869 154 3946 leriam,
173 3813 262 3948 lelio,
281 3864 436 3949 faciebam]
457 3866 590 3946 seriam,
602 3867 752 3945 seriebam
771 3863 902 3924 Floreat.
922 3863 976 3922 Ed.
995 3861 1089 3943 princ.

78 3962 183 4010 vetust.
204 3949 291 4011 llhol.
311 3983 351 3996 -·
367 3949 500 4025 percussi
518 3947 599 4023 quod
617 3990 625 4005 .
646 3988 653 4003 .
675 3988 683 4003 .
704 3945 818 4004 etitem
838 3963 895 4002 om.
916 3943 1009 4003 Havu.

38 4041 69 4088 et
89 4023 176 4110 item]
210 4029 297 4115 Vulg.
316 4029 416 4090 Vertr.
436 4025 568 4108 Sciopp.;
593 4023 697 4106 reliqui
717 4022 868 4094 emittunt;
887 4041 943 4104 pre
959 4020 1092 4098 percussi

81 4143 121 4197 n.
140 4141 174 4195 τ.
191 4143 275 4199 vam
776 4127 789 4196 ι
810 4115 888 4202 34]
