<?xml version="1.0" encoding="UTF-8"?>
<!DOCTYPE html PUBLIC "-//W3C//DTD XHTML 1.0 Transitional//EN"
    "http://www.w3.org/TR/xhtml1/DTD/xhtml1-transitional.dtd">
<html xmlns="http://www.w3.org/1999/xhtml" xml:lang="en" lang="en">
 <head>
  <title>
</title>
<meta http-equiv="Content-Type" content="text/html;charset=utf-8" />
  <meta name='ocr-system' content='tesseract 3.04.00' />
  <meta name='ocr-capabilities' content='ocr_page ocr_carea ocr_par ocr_line ocrx_word'/>
</head>
<body>
  <div class='ocr_page' id='page_1' title='image "./mterentivarroni00prisgoog/mterentivarroni00prisgoog_0094.png"; bbox 0 0 2722 4676; ppageno 0'>
   <div class='ocr_carea' id='block_1_1' title="bbox 366 323 1086 402">
    <p class='ocr_par' dir='ltr' id='par_1_1' title="bbox 366 323 1086 402">
     <span class='ocr_line' id='line_1_1' title="bbox 366 323 1086 402; baseline 0.011 -16"><span class='ocrx_word' id='word_1_1' title='bbox 366 325 506 388; x_wconf 80' lang='lat' dir='ltr'>LIBER</span> <span class='ocrx_word' id='word_1_2' title='bbox 527 323 753 402; x_wconf 83' lang='lat' dir='ltr'><strong>QUINTUS.</strong></span> <span class='ocrx_word' id='word_1_3' title='bbox 1046 331 1086 396; x_wconf 76' lang='lat'><strong>1⁷</strong></span> 
     </span>
    </p>
   </div>
   <div class='ocr_carea' id='block_1_2' title="bbox 66 499 1085 1228">
    <p class='ocr_par' dir='ltr' id='par_1_2' title="bbox 66 499 1085 1228">
     <span class='ocr_line' id='line_1_2' title="bbox 67 499 1085 600; baseline 0.008 -31"><span class='ocrx_word' id='word_1_4' title='bbox 67 502 114 573; x_wconf 82' lang='lat' dir='ltr'><strong>lios</strong></span> <span class='ocrx_word' id='word_1_5' title='bbox 143 528 174 572; x_wconf 79' lang='lat' dir='ltr'><strong>se</strong></span> <span class='ocrx_word' id='word_1_6' title='bbox 206 503 341 573; x_wconf 80' lang='lat' dir='ltr'><strong>scrutari</strong></span> <span class='ocrx_word' id='word_1_7' title='bbox 380 499 520 594; x_wconf 81' lang='lat' dir='ltr'><strong>origines</strong></span> <span class='ocrx_word' id='word_1_8' title='bbox 554 501 695 596; x_wconf 83' lang='lat' dir='ltr'><strong>patietur</strong></span> <span class='ocrx_word' id='word_1_9' title='bbox 720 501 907 575; x_wconf 75' lang='lat' dir='ltr'><strong>verbornme</strong></span> <span class='ocrx_word' id='word_1_10' title='bbox 944 504 1085 600; x_wconf 82' lang='lat' dir='ltr'><strong>reperiet</strong></span> 
     </span>
     <span class='ocr_line' id='line_1_3' title="bbox 67 605 1082 702; baseline 0.003 -26"><span class='ocrx_word' id='word_1_11' title='bbox 67 607 133 676; x_wconf 86' lang='lat' dir='ltr'><strong>enim</strong></span> <span class='ocrx_word' id='word_1_12' title='bbox 151 633 216 678; x_wconf 76' lang='lat' dir='ltr'><strong>esse</strong></span> <span class='ocrx_word' id='word_1_13' title='bbox 238 623 451 690; x_wconf 81' lang='lat' dir='ltr'><strong>commutata,</strong></span> <span class='ocrx_word' id='word_1_14' title='bbox 472 605 565 675; x_wconf 87' lang='lat' dir='ltr'><strong>utin</strong></span> <span class='ocrx_word' id='word_1_15' title='bbox 587 607 809 702; x_wconf 86' lang='lat' dir='ltr'><strong>superioribus</strong></span> <span class='ocrx_word' id='word_1_16' title='bbox 831 606 921 679; x_wconf 83' lang='lat' dir='ltr'><strong>libris</strong></span> <span class='ocrx_word' id='word_1_17' title='bbox 943 610 1082 696; x_wconf 88' lang='lat' dir='ltr'><strong>ostendi,</strong></span> 
     </span>
     <span class='ocr_line' id='line_1_4' title="bbox 66 710 1083 808; baseline 0.006 -30"><span class='ocrx_word' id='word_1_18' title='bbox 66 711 174 780; x_wconf 76' lang='lat' dir='ltr'><strong>maxime</strong></span> <span class='ocrx_word' id='word_1_19' title='bbox 194 728 326 808; x_wconf 89' lang='lat' dir='ltr'><strong>propter</strong></span> <span class='ocrx_word' id='word_1_20' title='bbox 345 713 397 782; x_wconf 90' lang='lat' dir='ltr'><strong>bis</strong></span> <span class='ocrx_word' id='word_1_21' title='bbox 421 727 595 806; x_wconf 86' lang='lat' dir='ltr'><strong>quaternas</strong></span> <span class='ocrx_word' id='word_1_22' title='bbox 620 735 746 782; x_wconf 83' lang='lat' dir='ltr'><strong>causas.</strong></span> <span class='ocrx_word' id='word_1_23' title='bbox 790 710 973 782; x_wconf 85' lang='lat' dir='ltr'><strong>Literarnm</strong></span> <span class='ocrx_word' id='word_1_24' title='bbox 996 713 1083 784; x_wconf 88' lang='lat' dir='ltr'><strong>enim</strong></span> 
     </span>
     <span class='ocr_line' id='line_1_5' title="bbox 66 815 1081 911; baseline 0.008 -30"><span class='ocrx_word' id='word_1_25' title='bbox 66 815 91 882; x_wconf 79' lang='lat' dir='ltr'><strong>fit</strong></span> <span class='ocrx_word' id='word_1_26' title='bbox 113 815 284 911; x_wconf 75' lang='lat' dir='ltr'><strong>demptione</strong></span> <span class='ocrx_word' id='word_1_27' title='bbox 315 833 371 886; x_wconf 83' lang='lat' dir='ltr'><strong>aut</strong></span> <span class='ocrx_word' id='word_1_28' title='bbox 394 817 577 901; x_wconf 79' lang='lat' dir='ltr'><strong>additione,</strong></span> <span class='ocrx_word' id='word_1_29' title='bbox 616 832 648 886; x_wconf 86' lang='lat' dir='ltr'><strong>et</strong></span> <span class='ocrx_word' id='word_1_30' title='bbox 674 832 809 911; x_wconf 91' lang='lat' dir='ltr'><strong>propter</strong></span> <span class='ocrx_word' id='word_1_31' title='bbox 836 841 947 886; x_wconf 87' lang='lat' dir='ltr'><strong>earnm</strong></span> <span class='ocrx_word' id='word_1_32' title='bbox 976 818 1081 890; x_wconf 84' lang='lat' dir='ltr'><strong>adtra-</strong></span> 
     </span>
     <span class='ocr_line' id='line_1_6' title="bbox 67 919 1083 1016; baseline 0.009 -30"><span class='ocrx_word' id='word_1_33' title='bbox 67 919 178 988; x_wconf 83' lang='lat' dir='ltr'><strong>ctionem</strong></span> <span class='ocrx_word' id='word_1_34' title='bbox 189 937 241 989; x_wconf 87' lang='lat' dir='ltr'><strong>aut</strong></span> <span class='ocrx_word' id='word_1_35' title='bbox 253 923 552 1006; x_wconf 82' lang='lat' dir='ltr'><strong>commutationem,</strong></span> <span class='ocrx_word' id='word_1_36' title='bbox 574 921 653 990; x_wconf 88' lang='lat' dir='ltr'><strong>item</strong></span> <span class='ocrx_word' id='word_1_37' title='bbox 677 920 872 1015; x_wconf 85' lang='lat' dir='ltr'><strong>syllabarum</strong></span> <span class='ocrx_word' id='word_1_38' title='bbox 894 923 1083 1016; x_wconf 83' lang='lat' dir='ltr'><strong>productio·</strong></span> 
     </span>
     <span class='ocr_line' id='line_1_7' title="bbox 67 1024 1083 1124; baseline 0.012 -36"><span class='ocrx_word' id='word_1_39' title='bbox 67 1047 109 1090; x_wconf 80' lang='lat' dir='ltr'><strong>no:</strong></span> <span class='ocrx_word' id='word_1_40' title='bbox 140 1050 214 1119; x_wconf 82' lang='lat' dir='ltr'><strong>qnae</strong></span> <span class='ocrx_word' id='word_1_41' title='bbox 245 1027 401 1123; x_wconf 78' lang='lat' dir='ltr'><strong>quoniam</strong></span> <span class='ocrx_word' id='word_1_42' title='bbox 430 1027 465 1097; x_wconf 91' lang='lat' dir='ltr'><strong>in</strong></span> <span class='ocrx_word' id='word_1_43' title='bbox 493 1024 712 1121; x_wconf 83' lang='lat' dir='ltr'><strong>superioribus</strong></span> <span class='ocrx_word' id='word_1_44' title='bbox 741 1024 830 1094; x_wconf 88' lang='lat' dir='ltr'><strong>libris</strong></span> <span class='ocrx_word' id='word_1_45' title='bbox 860 1027 940 1122; x_wconf 88' lang='lat' dir='ltr'><strong>[qui]</strong></span> <span class='ocrx_word' id='word_1_46' title='bbox 964 1029 1083 1124; x_wconf 83' lang='lat' dir='ltr'><strong>quoius</strong></span> 
     </span>
     <span class='ocr_line' id='line_1_8' title="bbox 66 1127 1081 1228; baseline 0.011 -34"><span class='ocrx_word' id='word_1_47' title='bbox 66 1127 133 1196; x_wconf 88' lang='lat' dir='ltr'><strong>modi</strong></span> <span class='ocrx_word' id='word_1_48' title='bbox 150 1145 262 1218; x_wconf 82' lang='lat' dir='ltr'><strong>essent,</strong></span> <span class='ocrx_word' id='word_1_49' title='bbox 294 1131 448 1228; x_wconf 84' lang='lat' dir='ltr'><strong>exemplis</strong></span> <span class='ocrx_word' id='word_1_50' title='bbox 477 1133 557 1201; x_wconf 84' lang='lat' dir='ltr'><strong>satis</strong></span> <span class='ocrx_word' id='word_1_51' title='bbox 586 1129 822 1216; x_wconf 83' lang='lat' dir='ltr'><strong>demonstravi,</strong></span> <span class='ocrx_word' id='word_1_52' title='bbox 860 1131 913 1202; x_wconf 87' lang='lat' dir='ltr'><strong>hic</strong></span> <span class='ocrx_word' id='word_1_53' title='bbox 936 1157 1081 1205; x_wconf 86' lang='lat' dir='ltr'><strong>commo·</strong></span> 
     </span>
    </p>
   </div>
   <div class='ocr_carea' id='block_1_3' title="bbox 39 1367 1082 4151">
    <p class='ocr_par' dir='ltr' id='par_1_3' title="bbox 66 1367 1081 1517">
     <span class='ocr_line' id='line_1_9' title="bbox 66 1367 1081 1458; baseline 0.012 -29"><span class='ocrx_word' id='word_1_54' title='bbox 66 1367 148 1432; x_wconf 69' lang='lat' dir='ltr'><strong>ho&#39;iim</strong></span> <span class='ocrx_word' id='word_1_55' title='bbox 169 1371 359 1458; x_wconf 71' lang='lat' dir='ltr'><strong>reseratori]</strong></span> <span class='ocrx_word' id='word_1_56' title='bbox 392 1374 523 1438; x_wconf 84' lang='lat' dir='ltr'><strong>Florent.</strong></span> <span class='ocrx_word' id='word_1_57' title='bbox 548 1406 590 1422; x_wconf 91' lang='lat'><strong>-·</strong></span> <span class='ocrx_word' id='word_1_58' title='bbox 611 1374 744 1454; x_wconf 74' lang='lat' dir='ltr'><strong>facilius</strong></span> <span class='ocrx_word' id='word_1_59' title='bbox 768 1377 901 1442; x_wconf 66' lang='lat' dir='ltr'><strong>samari</strong></span> <span class='ocrx_word' id='word_1_60' title='bbox 922 1373 1016 1441; x_wconf 77' lang='lat' dir='ltr'><strong>Hm·</strong></span> <span class='ocrx_word' id='word_1_61' title='bbox 1035 1379 1081 1458; x_wconf 67' lang='lat'><strong>[-</strong></span> 
     </span>
     <span class='ocr_line' id='line_1_10' title="bbox 94 1455 457 1517; baseline 0.022 -9"><span class='ocrx_word' id='word_1_62' title='bbox 94 1456 200 1513; x_wconf 78' lang='lat' dir='ltr'><strong>scrutari</strong></span> <span class='ocrx_word' id='word_1_63' title='bbox 229 1458 340 1516; x_wconf 78' lang='lat' dir='ltr'><strong>ocilr&#39;us</strong></span> <span class='ocrx_word' id='word_1_64' title='bbox 359 1455 457 1517; x_wconf 82' lang='lat' dir='ltr'><strong>ceteri.</strong></span> 
     </span>
    </p>

    <p class='ocr_par' dir='ltr' id='par_1_4' title="bbox 67 1457 623 1667">
     <span class='ocr_line' id='line_1_11' title="bbox 67 1457 623 1667; baseline 0.007 -77"><span class='ocrx_word' id='word_1_65' title='bbox 67 1457 414 1667; x_wconf 48' lang='lat' dir='ltr'><strong>mmmmtpsconmtato</strong></span> <span class='ocrx_word' id='word_1_66' title='bbox 433 1534 512 1594; x_wconf 83' lang='lat' dir='ltr'><strong>Edit.</strong></span> <span class='ocrx_word' id='word_1_67' title='bbox 530 1533 623 1620; x_wconf 86' lang='lat' dir='ltr'><strong>princ.</strong></span> 
     </span>
    </p>

    <p class='ocr_par' dir='ltr' id='par_1_5' title="bbox 67 1602 536 1777">
     <span class='ocr_line' id='line_1_12' title="bbox 67 1602 536 1777; baseline 0.009 -29"><span class='ocrx_word' id='word_1_68' title='bbox 67 1602 399 1774; x_wconf 46' lang='lat' dir='ltr'><strong>iiiiiioriiietoielii.</strong></span> <span class='ocrx_word' id='word_1_69' title='bbox 420 1689 536 1777; x_wconf 68' lang='lat' dir='ltr'>vulgat.</span> 
     </span>
    </p>

    <p class='ocr_par' dir='ltr' id='par_1_6' title="bbox 65 1759 1081 2012">
     <span class='ocr_line' id='line_1_13' title="bbox 65 1759 1081 1856; baseline 0.009 -30"><span class='ocrx_word' id='word_1_70' title='bbox 65 1759 96 1822; x_wconf 71' lang='lat' dir='ltr'><strong>bn</strong></span> <span class='ocrx_word' id='word_1_71' title='bbox 118 1766 269 1855; x_wconf 76' lang='lat' dir='ltr'><strong>quaternos]</strong></span> <span class='ocrx_word' id='word_1_72' title='bbox 304 1787 465 1849; x_wconf 78' lang='lat' dir='ltr'><strong>quaternas</strong></span> <span class='ocrx_word' id='word_1_73' title='bbox 494 1771 648 1854; x_wconf 75' lang='lat' dir='ltr'><strong>Angustia.</strong></span> <span class='ocrx_word' id='word_1_74' title='bbox 672 1772 704 1832; x_wconf 89' lang='lat' dir='ltr'><strong>in</strong></span> <span class='ocrx_word' id='word_1_75' title='bbox 729 1791 819 1856; x_wconf 75' lang='lat' dir='ltr'><strong>marg.</strong></span> <span class='ocrx_word' id='word_1_76' title='bbox 850 1792 886 1834; x_wconf 87' lang='lat' dir='ltr'><strong>ex</strong></span> <span class='ocrx_word' id='word_1_77' title='bbox 920 1766 1008 1835; x_wconf 75' lang='lat' dir='ltr'><strong>libris.</strong></span> <span class='ocrx_word' id='word_1_78' title='bbox 1040 1807 1081 1824; x_wconf 91' lang='lat'><em>-</em></span> 
     </span>
     <span class='ocr_line' id='line_1_14' title="bbox 95 1843 1081 1938; baseline 0.008 -30"><span class='ocrx_word' id='word_1_79' title='bbox 95 1843 137 1902; x_wconf 79' lang='lat' dir='ltr'><strong>las</strong></span> <span class='ocrx_word' id='word_1_80' title='bbox 162 1865 322 1925; x_wconf 76' lang='lat' dir='ltr'><strong>quaternas</strong></span> <span class='ocrx_word' id='word_1_81' title='bbox 338 1852 487 1927; x_wconf 32' lang='lat' dir='ltr'><strong>&#39;Ventrem</strong></span> <span class='ocrx_word' id='word_1_82' title='bbox 518 1883 559 1900; x_wconf 79' lang='lat'><strong>·-</strong></span> <span class='ocrx_word' id='word_1_83' title='bbox 590 1853 646 1912; x_wconf 82' lang='lat' dir='ltr'><strong>has</strong></span> <span class='ocrx_word' id='word_1_84' title='bbox 674 1864 801 1929; x_wconf 80' lang='lat' dir='ltr'><strong>quotuor</strong></span> <span class='ocrx_word' id='word_1_85' title='bbox 832 1851 947 1932; x_wconf 76' lang='lat' dir='ltr'><strong>quidam</strong></span> <span class='ocrx_word' id='word_1_86' title='bbox 976 1853 1081 1938; x_wconf 77' lang='lat' dir='ltr'>Augu-</span> 
     </span>
     <span class='ocr_line' id='line_1_15' title="bbox 91 1923 613 2012; baseline 0.013 -29"><span class='ocrx_word' id='word_1_87' title='bbox 91 1923 144 1986; x_wconf 83' lang='lat' dir='ltr'><strong>stini</strong></span> <span class='ocrx_word' id='word_1_88' title='bbox 160 1927 226 1989; x_wconf 65' lang='lat' dir='ltr'><strong>iibri,</strong></span> <span class='ocrx_word' id='word_1_89' title='bbox 249 1963 293 1976; x_wconf 93' lang='lat'><strong>-·</strong></span> <span class='ocrx_word' id='word_1_90' title='bbox 313 1932 358 1990; x_wconf 75' lang='lat' dir='ltr'><strong>bis</strong></span> <span class='ocrx_word' id='word_1_91' title='bbox 377 1945 476 1990; x_wconf 79' lang='lat' dir='ltr'><strong>ternas</strong></span> <span class='ocrx_word' id='word_1_92' title='bbox 495 1930 613 2012; x_wconf 87' lang='lat' dir='ltr'><strong>Sciopp.</strong></span> 
     </span>
    </p>

    <p class='ocr_par' dir='ltr' id='par_1_7' title="bbox 60 1995 1080 2564">
     <span class='ocr_line' id='line_1_16' title="bbox 64 1995 1080 2150; baseline 0.008 -86"><span class='ocrx_word' id='word_1_93' title='bbox 64 1995 211 2093; x_wconf 60' lang='lat' dir='ltr'><strong>demptione]</strong></span> <span class='ocrx_word' id='word_1_94' title='bbox 229 2009 364 2069; x_wconf 85' lang='lat' dir='ltr'><strong>Florent.</strong></span> <span class='ocrx_word' id='word_1_95' title='bbox 383 2007 456 2070; x_wconf 83' lang='lat' dir='ltr'><strong>cod.</strong></span> <span class='ocrx_word' id='word_1_96' title='bbox 474 2010 508 2069; x_wconf 91' lang='lat' dir='ltr'><strong>B.</strong></span> <span class='ocrx_word' id='word_1_97' title='bbox 527 2011 619 2070; x_wconf 79' lang='lat' dir='ltr'><strong>Horo.</strong></span> <span class='ocrx_word' id='word_1_98' title='bbox 643 2009 739 2070; x_wconf 84' lang='lat' dir='ltr'><strong>Vertr.</strong></span> <span class='ocrx_word' id='word_1_99' title='bbox 759 2009 877 2150; x_wconf 88' lang='lat' dir='ltr'><strong>Sciopp.</strong></span> <span class='ocrx_word' id='word_1_100' title='bbox 894 2043 935 2057; x_wconf 88' lang='lat'><em>-</em></span> <span class='ocrx_word' id='word_1_101' title='bbox 958 2013 1080 2090; x_wconf 57' lang='lat' dir='ltr'><strong>adorto·</strong></span> 
     </span>
     <span class='ocr_line' id='line_1_17' title="bbox 91 2086 1078 2168; baseline 0.014 -30"><span class='ocrx_word' id='word_1_102' title='bbox 91 2091 154 2144; x_wconf 82' lang='lat' dir='ltr'><strong>none</strong></span> <span class='ocrx_word' id='word_1_103' title='bbox 175 2086 249 2148; x_wconf 78' lang='lat' dir='ltr'><strong>Edie</strong></span> <span class='ocrx_word' id='word_1_104' title='bbox 276 2087 371 2168; x_wconf 87' lang='lat' dir='ltr'><strong>princ.</strong></span> <span class='ocrx_word' id='word_1_105' title='bbox 404 2100 509 2150; x_wconf 81' lang='lat' dir='ltr'><strong>vetust</strong></span> <span class='ocrx_word' id='word_1_106' title='bbox 538 2087 627 2148; x_wconf 87' lang='lat' dir='ltr'><strong>Rhol.</strong></span> <span class='ocrx_word' id='word_1_107' title='bbox 657 2089 760 2150; x_wconf 84' lang='lat' dir='ltr'><strong>Venet.</strong></span> <span class='ocrx_word' id='word_1_108' title='bbox 792 2090 814 2148; x_wconf 92' lang='lat'><strong>1.</strong></span> <span class='ocrx_word' id='word_1_109' title='bbox 859 2091 881 2149; x_wconf 87' lang='lat'><strong>1.</strong></span> <span class='ocrx_word' id='word_1_110' title='bbox 911 2088 977 2150; x_wconf 84' lang='lat' dir='ltr'><strong>Ald.</strong></span> <span class='ocrx_word' id='word_1_111' title='bbox 1014 2090 1078 2154; x_wconf 79' lang='lat' dir='ltr'><strong>Boo.</strong></span> 
     </span>
     <span class='ocr_line' id='line_1_18' title="bbox 90 2157 978 2250; baseline 0.012 -33"><span class='ocrx_word' id='word_1_112' title='bbox 90 2157 138 2220; x_wconf 79' lang='lat' dir='ltr'><strong>Par.</strong></span> <span class='ocrx_word' id='word_1_113' title='bbox 156 2163 266 2248; x_wconf 82' lang='lat' dir='ltr'><strong>Gryph.</strong></span> <span class='ocrx_word' id='word_1_114' title='bbox 286 2199 329 2212; x_wconf 92' lang='lat'><em>-</em></span> <span class='ocrx_word' id='word_1_115' title='bbox 350 2170 494 2227; x_wconf 81' lang='lat' dir='ltr'><strong>demtione</strong></span> <span class='ocrx_word' id='word_1_116' title='bbox 512 2167 600 2250; x_wconf 78' lang='lat' dir='ltr'>Vulg.</span> <span class='ocrx_word' id='word_1_117' title='bbox 975 2223 978 2228; x_wconf 89' lang='lat'>.</span> 
     </span>
     <span class='ocr_line' id='line_1_19' title="bbox 63 2235 1077 2328; baseline 0.013 -33"><span class='ocrx_word' id='word_1_118' title='bbox 63 2235 229 2305; x_wconf 72' lang='lat' dir='ltr'><strong>attractionem</strong></span> <span class='ocrx_word' id='word_1_119' title='bbox 281 2245 417 2306; x_wconf 86' lang='lat' dir='ltr'><strong>Florent.</strong></span> <span class='ocrx_word' id='word_1_120' title='bbox 447 2246 524 2306; x_wconf 89' lang='lat' dir='ltr'><strong>Edit.</strong></span> <span class='ocrx_word' id='word_1_121' title='bbox 556 2247 648 2328; x_wconf 90' lang='lat' dir='ltr'><strong>princ.</strong></span> <span class='ocrx_word' id='word_1_122' title='bbox 677 2258 781 2308; x_wconf 85' lang='lat' dir='ltr'><strong>vetust.</strong></span> <span class='ocrx_word' id='word_1_123' title='bbox 806 2245 894 2308; x_wconf 85' lang='lat' dir='ltr'><strong>Rboi.</strong></span> <span class='ocrx_word' id='word_1_124' title='bbox 923 2246 1027 2309; x_wconf 86' lang='lat' dir='ltr'><strong>Venet.</strong></span> <span class='ocrx_word' id='word_1_125' title='bbox 1054 2249 1077 2308; x_wconf 87' lang='lat'><strong>1.</strong></span> 
     </span>
     <span class='ocr_line' id='line_1_20' title="bbox 90 2318 1079 2422; baseline 0.006 -40"><span class='ocrx_word' id='word_1_126' title='bbox 90 2318 116 2376; x_wconf 82' lang='lat' dir='ltr'><strong>ll.</strong></span> <span class='ocrx_word' id='word_1_127' title='bbox 139 2321 198 2383; x_wconf 76' lang='lat' dir='ltr'><strong>Md.</strong></span> <span class='ocrx_word' id='word_1_128' title='bbox 214 2361 220 2372; x_wconf 84' lang='lat'><strong>·-</strong></span> <span class='ocrx_word' id='word_1_129' title='bbox 327 2325 393 2386; x_wconf 79' lang='lat' dir='ltr'><strong>Par.</strong></span> <span class='ocrx_word' id='word_1_130' title='bbox 420 2324 534 2422; x_wconf 84' lang='lat' dir='ltr'><strong>Gryph.</strong></span> <span class='ocrx_word' id='word_1_131' title='bbox 559 2325 838 2386; x_wconf 80' lang='lat' dir='ltr'><strong>-‘troctotioncm</strong></span> <span class='ocrx_word' id='word_1_132' title='bbox 869 2325 969 2386; x_wconf 77' lang='lat' dir='ltr'><strong>Codex</strong></span> <span class='ocrx_word' id='word_1_133' title='bbox 1000 2327 1079 2388; x_wconf 79' lang='lat' dir='ltr'><strong>Tur-</strong></span> 
     </span>
     <span class='ocr_line' id='line_1_21' title="bbox 89 2397 986 2488; baseline 0.009 -32"><span class='ocrx_word' id='word_1_134' title='bbox 89 2397 142 2458; x_wconf 72' lang='lat' dir='ltr'><strong>neti</strong></span> <span class='ocrx_word' id='word_1_135' title='bbox 157 2415 184 2462; x_wconf 84' lang='lat' dir='ltr'><strong>et</strong></span> <span class='ocrx_word' id='word_1_136' title='bbox 200 2403 297 2467; x_wconf 76' lang='lat' dir='ltr'><strong>Horo.</strong></span> <span class='ocrx_word' id='word_1_137' title='bbox 316 2433 358 2450; x_wconf 89' lang='lat'><strong>-·</strong></span> <span class='ocrx_word' id='word_1_138' title='bbox 377 2421 573 2466; x_wconf 70' lang='lat' dir='ltr'><strong>arctationcm</strong></span> <span class='ocrx_word' id='word_1_139' title='bbox 585 2402 659 2466; x_wconf 85' lang='lat' dir='ltr'><strong>cod.</strong></span> <span class='ocrx_word' id='word_1_140' title='bbox 672 2406 706 2464; x_wconf 89' lang='lat' dir='ltr'><strong>B.</strong></span> <span class='ocrx_word' id='word_1_141' title='bbox 721 2404 839 2488; x_wconf 79' lang='lat' dir='ltr'><strong>Vulgat.</strong></span> <span class='ocrx_word' id='word_1_142' title='bbox 852 2404 986 2465; x_wconf 76' lang='lat' dir='ltr'><strong>Veneram.</strong></span> 
     </span>
     <span class='ocr_line' id='line_1_22' title="bbox 60 2472 496 2564; baseline 0.028 -33"><span class='ocrx_word' id='word_1_143' title='bbox 60 2472 214 2564; x_wconf 62' lang='lat' dir='ltr'><strong>olibanum]</strong></span> <span class='ocrx_word' id='word_1_144' title='bbox 235 2507 343 2544; x_wconf 83' lang='lat' dir='ltr'><strong>earum</strong></span> <span class='ocrx_word' id='word_1_145' title='bbox 363 2484 496 2546; x_wconf 79' lang='lat' dir='ltr'><strong>Vertron.</strong></span> 
     </span>
    </p>

    <p class='ocr_par' dir='ltr' id='par_1_8' title="bbox 55 2555 1080 3279">
     <span class='ocr_line' id='line_1_23' title="bbox 61 2555 1080 2645; baseline 0.009 -29"><span class='ocrx_word' id='word_1_146' title='bbox 61 2555 234 2645; x_wconf 77' lang='lat' dir='ltr'><strong>pmomoone]</strong></span> <span class='ocrx_word' id='word_1_147' title='bbox 268 2562 402 2623; x_wconf 84' lang='lat' dir='ltr'><strong>Florent.</strong></span> <span class='ocrx_word' id='word_1_148' title='bbox 434 2565 527 2624; x_wconf 82' lang='lat' dir='ltr'><strong>Havn.</strong></span> <span class='ocrx_word' id='word_1_149' title='bbox 560 2562 677 2645; x_wconf 87' lang='lat' dir='ltr'><strong>Seiopp.</strong></span> <span class='ocrx_word' id='word_1_150' title='bbox 711 2593 752 2609; x_wconf 86' lang='lat'><strong>—-</strong></span> <span class='ocrx_word' id='word_1_151' title='bbox 778 2563 1003 2638; x_wconf 78' lang='lat' dir='ltr'><strong>productionem</strong></span> <span class='ocrx_word' id='word_1_152' title='bbox 1031 2581 1080 2625; x_wconf 77' lang='lat' dir='ltr'><strong>ee-</strong></span> 
     </span>
     <span class='ocr_line' id='line_1_24' title="bbox 89 2635 1077 2725; baseline 0.002 -24"><span class='ocrx_word' id='word_1_153' title='bbox 89 2635 137 2696; x_wconf 64' lang='lat' dir='ltr'><strong>itrl·</strong></span> <span class='ocrx_word' id='word_1_154' title='bbox 154 2671 190 2687; x_wconf 95' lang='lat'><strong>·-</strong></span> <span class='ocrx_word' id='word_1_155' title='bbox 214 2657 270 2702; x_wconf 81' lang='lat' dir='ltr'><strong>out</strong></span> <span class='ocrx_word' id='word_1_156' title='bbox 299 2644 457 2702; x_wconf 80' lang='lat' dir='ltr'><strong>additione</strong></span> <span class='ocrx_word' id='word_1_157' title='bbox 483 2656 537 2701; x_wconf 83' lang='lat' dir='ltr'><strong>out</strong></span> <span class='ocrx_word' id='word_1_158' title='bbox 562 2644 788 2703; x_wconf 83' lang='lat' dir='ltr'><strong>commutatione</strong></span> <span class='ocrx_word' id='word_1_159' title='bbox 806 2656 961 2718; x_wconf 77' lang='lat' dir='ltr'><strong>praeterea</strong></span> <span class='ocrx_word' id='word_1_160' title='bbox 979 2645 1077 2725; x_wconf 78' lang='lat' dir='ltr'><em>sylla·</em></span> 
     </span>
     <span class='ocr_line' id='line_1_25' title="bbox 87 2715 1078 2796; baseline 0.003 -19"><span class='ocrx_word' id='word_1_161' title='bbox 87 2715 171 2777; x_wconf 79' lang='lat' dir='ltr'><strong>lorum</strong></span> <span class='ocrx_word' id='word_1_162' title='bbox 193 2723 352 2782; x_wconf 73' lang='lat' dir='ltr'><strong>ortatiano</strong></span> <span class='ocrx_word' id='word_1_163' title='bbox 386 2737 440 2782; x_wconf 82' lang='lat' dir='ltr'><strong>out</strong></span> <span class='ocrx_word' id='word_1_164' title='bbox 466 2723 706 2792; x_wconf 79' lang='lat' dir='ltr'><strong>commutatione,</strong></span> <span class='ocrx_word' id='word_1_165' title='bbox 739 2723 807 2780; x_wconf 82' lang='lat' dir='ltr'><strong>item</strong></span> <span class='ocrx_word' id='word_1_166' title='bbox 838 2743 939 2780; x_wconf 84' lang='lat' dir='ltr'><strong>eorum</strong></span> <span class='ocrx_word' id='word_1_167' title='bbox 964 2725 1078 2796; x_wconf 83' lang='lat' dir='ltr'><strong>prodo·</strong></span> 
     </span>
     <span class='ocr_line' id='line_1_26' title="bbox 86 2795 1080 2896; baseline 0.011 -45"><span class='ocrx_word' id='word_1_168' title='bbox 86 2795 162 2855; x_wconf 78' lang='lat' dir='ltr'><strong>ctione</strong></span> <span class='ocrx_word' id='word_1_169' title='bbox 179 2799 299 2896; x_wconf 86' lang='lat' dir='ltr'><strong>Sciopp.</strong></span> <span class='ocrx_word' id='word_1_170' title='bbox 327 2833 367 2846; x_wconf 94' lang='lat'>—</span> <span class='ocrx_word' id='word_1_171' title='bbox 404 2799 500 2861; x_wconf 86' lang='lat' dir='ltr'><strong>Locus</strong></span> <span class='ocrx_word' id='word_1_172' title='bbox 526 2800 649 2860; x_wconf 88' lang='lat' dir='ltr'><strong>duorum</strong></span> <span class='ocrx_word' id='word_1_173' title='bbox 673 2799 829 2860; x_wconf 82' lang='lat' dir='ltr'><strong>verborum</strong></span> <span class='ocrx_word' id='word_1_174' title='bbox 854 2799 1080 2892; x_wconf 78' lang='lat' dir='ltr'><strong>transpositione</strong></span> 
     </span>
     <span class='ocr_line' id='line_1_27' title="bbox 85 2876 1078 2960; baseline 0.005 -26"><span class='ocrx_word' id='word_1_175' title='bbox 85 2876 216 2950; x_wconf 56' lang='lat' dir='ltr'><strong>eruendum</strong></span> <span class='ocrx_word' id='word_1_176' title='bbox 247 2891 328 2940; x_wconf 84' lang='lat' dir='ltr'><strong>mest</strong></span> <span class='ocrx_word' id='word_1_177' title='bbox 359 2879 434 2940; x_wconf 84' lang='lat' dir='ltr'><strong>enim</strong></span> <span class='ocrx_word' id='word_1_178' title='bbox 467 2879 683 2940; x_wconf 77' lang='lat' dir='ltr'><strong>commutationi</strong></span> <span class='ocrx_word' id='word_1_179' title='bbox 708 2879 791 2938; x_wconf 87' lang='lat' dir='ltr'><strong>notio</strong></span> <span class='ocrx_word' id='word_1_180' title='bbox 816 2877 969 2960; x_wconf 77' lang='lat' dir='ltr'><strong>generalis,</strong></span> <span class='ocrx_word' id='word_1_181' title='bbox 998 2877 1078 2939; x_wconf 80' lang='lat' dir='ltr'><strong>euius</strong></span> 
     </span>
     <span class='ocr_line' id='line_1_28' title="bbox 84 2948 1079 3039; baseline -0.001 -22"><span class='ocrx_word' id='word_1_182' title='bbox 84 2948 190 3018; x_wconf 71' lang='lat' dir='ltr'><strong>diversae</strong></span> <span class='ocrx_word' id='word_1_183' title='bbox 213 2980 247 3018; x_wconf 80' lang='lat' dir='ltr'><strong>ac</strong></span> <span class='ocrx_word' id='word_1_184' title='bbox 281 2959 378 3019; x_wconf 78' lang='lat' dir='ltr'><strong>variae</strong></span> <span class='ocrx_word' id='word_1_185' title='bbox 403 2971 470 3020; x_wconf 84' lang='lat' dir='ltr'><strong>sunt</strong></span> <span class='ocrx_word' id='word_1_186' title='bbox 494 2959 616 3039; x_wconf 82' lang='lat' dir='ltr'><strong>species,</strong></span> <span class='ocrx_word' id='word_1_187' title='bbox 649 2970 683 3018; x_wconf 90' lang='lat' dir='ltr'><strong>ut</strong></span> <span class='ocrx_word' id='word_1_188' title='bbox 709 2957 851 3038; x_wconf 86' lang='lat' dir='ltr'><strong>demptio,</strong></span> <span class='ocrx_word' id='word_1_189' title='bbox 884 2955 991 3015; x_wconf 78' lang='lat' dir='ltr'><strong>additio</strong></span> <span class='ocrx_word' id='word_1_190' title='bbox 1023 2968 1079 3016; x_wconf 88' lang='lat' dir='ltr'><strong>etc.</strong></span> 
     </span>
     <span class='ocr_line' id='line_1_29' title="bbox 83 3036 1078 3122; baseline -0.002 -26"><span class='ocrx_word' id='word_1_191' title='bbox 83 3048 155 3108; x_wconf 74' lang='lat' dir='ltr'><strong>omre</strong></span> <span class='ocrx_word' id='word_1_192' title='bbox 177 3036 215 3098; x_wconf 70' lang='lat' dir='ltr'><strong>im</strong></span> <span class='ocrx_word' id='word_1_193' title='bbox 240 3037 402 3122; x_wconf 84' lang='lat' dir='ltr'><strong>legendum</strong></span> <span class='ocrx_word' id='word_1_194' title='bbox 428 3038 555 3100; x_wconf 85' lang='lat' dir='ltr'><strong>videtur:</strong></span> <span class='ocrx_word' id='word_1_195' title='bbox 604 3039 773 3096; x_wconf 78' lang='lat' dir='ltr'><strong>literarum</strong></span> <span class='ocrx_word' id='word_1_196' title='bbox 798 3037 874 3096; x_wconf 82' lang='lat' dir='ltr'><strong>enim</strong></span> <span class='ocrx_word' id='word_1_197' title='bbox 896 3038 939 3114; x_wconf 82' lang='lat' dir='ltr'><strong>fit</strong></span> <span class='ocrx_word' id='word_1_198' title='bbox 978 3038 1078 3110; x_wconf 82' lang='lat' dir='ltr'><strong>demp-</strong></span> 
     </span>
     <span class='ocr_line' id='line_1_30' title="bbox 82 3111 1079 3193; baseline 0.008 -27"><span class='ocrx_word' id='word_1_199' title='bbox 82 3111 147 3172; x_wconf 80' lang='lat' dir='ltr'><strong>tione</strong></span> <span class='ocrx_word' id='word_1_200' title='bbox 178 3133 231 3178; x_wconf 77' lang='lat' dir='ltr'><strong>out</strong></span> <span class='ocrx_word' id='word_1_201' title='bbox 264 3119 424 3177; x_wconf 80' lang='lat' dir='ltr'><strong>additione</strong></span> <span class='ocrx_word' id='word_1_202' title='bbox 459 3131 488 3176; x_wconf 85' lang='lat' dir='ltr'><strong>et</strong></span> <span class='ocrx_word' id='word_1_203' title='bbox 515 3131 639 3193; x_wconf 81' lang='lat' dir='ltr'><strong>propter</strong></span> <span class='ocrx_word' id='word_1_204' title='bbox 670 3137 772 3174; x_wconf 84' lang='lat' dir='ltr'><strong>eorum</strong></span> <span class='ocrx_word' id='word_1_205' title='bbox 801 3115 1019 3174; x_wconf 72' lang='lat' dir='ltr'><strong>adtractiorem</strong></span> <span class='ocrx_word' id='word_1_206' title='bbox 1048 3127 1079 3174; x_wconf 85' lang='lat' dir='ltr'><strong>et</strong></span> 
     </span>
     <span class='ocr_line' id='line_1_31' title="bbox 55 3194 860 3279; baseline 0.001 -28"><span class='ocrx_word' id='word_1_207' title='bbox 55 3259 61 3274; x_wconf 92' lang='lat'><strong><em>.</em></strong></span> <span class='ocrx_word' id='word_1_208' title='bbox 78 3195 284 3262; x_wconf 65' lang='lat' dir='ltr'><strong>productionem</strong></span> <span class='ocrx_word' id='word_1_209' title='bbox 288 3218 304 3268; x_wconf 89' lang='lat'><strong>‚·</strong></span> <span class='ocrx_word' id='word_1_210' title='bbox 328 3197 399 3255; x_wconf 84' lang='lat' dir='ltr'><strong>item</strong></span> <span class='ocrx_word' id='word_1_211' title='bbox 417 3199 606 3279; x_wconf 77' lang='lat' dir='ltr'><em>syllabarum</em></span> <span class='ocrx_word' id='word_1_212' title='bbox 625 3194 860 3254; x_wconf 84' lang='lat' dir='ltr'><strong>commutatione.</strong></span> 
     </span>
    </p>

    <p class='ocr_par' dir='ltr' id='par_1_9' title="bbox 52 3271 540 3416">
     <span class='ocr_line' id='line_1_32' title="bbox 52 3271 540 3416; baseline 0.002 -83"><span class='ocrx_word' id='word_1_213' title='bbox 52 3284 96 3326; x_wconf 68' lang='grc' dir='ltr'><strong>ΠΗ</strong></span> <span class='ocrx_word' id='word_1_214' title='bbox 158 3271 294 3416; x_wconf 54' lang='lat' dir='ltr'><strong>iorihnsg</strong></span> <span class='ocrx_word' id='word_1_215' title='bbox 316 3277 348 3335; x_wconf 84' lang='lat' dir='ltr'><strong>in</strong></span> <span class='ocrx_word' id='word_1_216' title='bbox 368 3295 425 3334; x_wconf 87' lang='lat' dir='ltr'><strong>om.</strong></span> <span class='ocrx_word' id='word_1_217' title='bbox 446 3275 540 3335; x_wconf 77' lang='lat' dir='ltr'><strong>Havn.</strong></span> 
     </span>
    </p>

    <p class='ocr_par' dir='ltr' id='par_1_10' title="bbox 52 3338 561 3437">
     <span class='ocr_line' id='line_1_33' title="bbox 52 3338 561 3437; baseline 0.008 -27"><span class='ocrx_word' id='word_1_218' title='bbox 52 3338 110 3404; x_wconf 61' lang='lat' dir='ltr'><strong>[life</strong></span> <span class='ocrx_word' id='word_1_219' title='bbox 144 3355 245 3416; x_wconf 78' lang='lat' dir='ltr'><strong>libreis</strong></span> <span class='ocrx_word' id='word_1_220' title='bbox 295 3354 370 3414; x_wconf 83' lang='lat' dir='ltr'><strong>odex</strong></span> <span class='ocrx_word' id='word_1_221' title='bbox 390 3355 425 3414; x_wconf 90' lang='lat' dir='ltr'><strong>B.</strong></span> <span class='ocrx_word' id='word_1_222' title='bbox 445 3354 561 3437; x_wconf 81' lang='lat' dir='ltr'><strong>Vulgat.</strong></span> 
     </span>
    </p>

    <p class='ocr_par' dir='ltr' id='par_1_11' title="bbox 50 3423 1082 3967">
     <span class='ocr_line' id='line_1_34' title="bbox 50 3423 1082 3530; baseline 0.003 -42"><span class='ocrx_word' id='word_1_223' title='bbox 50 3423 198 3516; x_wconf 63' lang='lat' dir='ltr'><strong>commodi]</strong></span> <span class='ocrx_word' id='word_1_224' title='bbox 239 3433 363 3530; x_wconf 66' lang='lat' dir='ltr'><strong>vulgat.</strong></span> <span class='ocrx_word' id='word_1_225' title='bbox 400 3433 535 3494; x_wconf 82' lang='lat' dir='ltr'><strong>Vertran.</strong></span> <span class='ocrx_word' id='word_1_226' title='bbox 573 3432 692 3513; x_wconf 84' lang='lat' dir='ltr'><strong>Seiopp.</strong></span> <span class='ocrx_word' id='word_1_227' title='bbox 723 3461 764 3477; x_wconf 87' lang='lat'><strong>—-</strong></span> <span class='ocrx_word' id='word_1_228' title='bbox 809 3429 863 3508; x_wconf 77' lang='lat' dir='ltr'><strong>oui</strong></span> <span class='ocrx_word' id='word_1_229' title='bbox 895 3427 1082 3508; x_wconf 69' lang='lat' dir='ltr'><strong>quotiesmodi</strong></span> 
     </span>
     <span class='ocr_line' id='line_1_35' title="bbox 76 3506 1078 3591; baseline 0 -21"><span class='ocrx_word' id='word_1_230' title='bbox 76 3506 155 3570; x_wconf 73' lang='lat' dir='ltr'><strong>Horo.</strong></span> <span class='ocrx_word' id='word_1_231' title='bbox 179 3545 220 3560; x_wconf 87' lang='lat'>—</span> <span class='ocrx_word' id='word_1_232' title='bbox 254 3537 311 3591; x_wconf 78' lang='lat' dir='ltr'><strong>qur</strong></span> <span class='ocrx_word' id='word_1_233' title='bbox 335 3515 500 3572; x_wconf 79' lang='lat' dir='ltr'><strong>cuiusmodi</strong></span> <span class='ocrx_word' id='word_1_234' title='bbox 517 3511 646 3574; x_wconf 79' lang='lat' dir='ltr'><strong>Florent.</strong></span> <span class='ocrx_word' id='word_1_235' title='bbox 668 3510 741 3572; x_wconf 91' lang='lat' dir='ltr'><strong>Cod.</strong></span> <span class='ocrx_word' id='word_1_236' title='bbox 761 3510 794 3568; x_wconf 91' lang='lat' dir='ltr'><strong>B.</strong></span> <span class='ocrx_word' id='word_1_237' title='bbox 816 3511 891 3570; x_wconf 78' lang='lat' dir='ltr'><strong>Edit.</strong></span> <span class='ocrx_word' id='word_1_238' title='bbox 910 3509 1002 3591; x_wconf 88' lang='lat' dir='ltr'><strong>princ.</strong></span> <span class='ocrx_word' id='word_1_239' title='bbox 1021 3522 1078 3571; x_wconf 81' lang='lat' dir='ltr'><strong>vet.</strong></span> 
     </span>
     <span class='ocr_line' id='line_1_36' title="bbox 74 3583 1079 3670; baseline 0.003 -25"><span class='ocrx_word' id='word_1_240' title='bbox 74 3583 149 3650; x_wconf 74' lang='lat' dir='ltr'><strong>thot</strong></span> <span class='ocrx_word' id='word_1_241' title='bbox 178 3591 289 3654; x_wconf 65' lang='lat' dir='ltr'><strong>venet,</strong></span> <span class='ocrx_word' id='word_1_242' title='bbox 320 3594 342 3652; x_wconf 91' lang='lat' dir='ltr'><strong>l.</strong></span> <span class='ocrx_word' id='word_1_243' title='bbox 377 3593 412 3651; x_wconf 90' lang='lat' dir='ltr'><strong>ll.</strong></span> <span class='ocrx_word' id='word_1_244' title='bbox 442 3591 507 3652; x_wconf 75' lang='grc' dir='ltr'><strong>ΑΜ.</strong></span> <span class='ocrx_word' id='word_1_245' title='bbox 534 3592 596 3652; x_wconf 80' lang='lat' dir='ltr'>Bas.</span> <span class='ocrx_word' id='word_1_246' title='bbox 624 3591 688 3650; x_wconf 78' lang='lat' dir='ltr'><strong>Par.</strong></span> <span class='ocrx_word' id='word_1_247' title='bbox 716 3588 849 3670; x_wconf 59' lang='lat' dir='ltr'><strong>Gryph„</strong></span> <span class='ocrx_word' id='word_1_248' title='bbox 881 3590 957 3650; x_wconf 89' lang='lat' dir='ltr'><strong>unde</strong></span> <span class='ocrx_word' id='word_1_249' title='bbox 977 3589 1079 3650; x_wconf 83' lang='lat' dir='ltr'><strong>Victo-</strong></span> 
     </span>
     <span class='ocr_line' id='line_1_37' title="bbox 73 3666 1078 3751; baseline 0.001 -23"><span class='ocrx_word' id='word_1_250' title='bbox 73 3666 134 3728; x_wconf 74' lang='lat' dir='ltr'><strong>rius:</strong></span> <span class='ocrx_word' id='word_1_251' title='bbox 166 3674 352 3732; x_wconf 78' lang='lat' dir='ltr'><strong>cuicuimodi</strong></span> <span class='ocrx_word' id='word_1_252' title='bbox 373 3671 513 3731; x_wconf 77' lang='lat' dir='ltr'><strong>emendat.</strong></span> <span class='ocrx_word' id='word_1_253' title='bbox 539 3671 575 3730; x_wconf 84' lang='lat' dir='ltr'><strong>cf.</strong></span> <span class='ocrx_word' id='word_1_254' title='bbox 603 3669 710 3730; x_wconf 77' lang='lat' dir='ltr'><strong>Mutet.</strong></span> <span class='ocrx_word' id='word_1_255' title='bbox 736 3672 770 3729; x_wconf 85' lang='lat' dir='ltr'><strong>ad</strong></span> <span class='ocrx_word' id='word_1_256' title='bbox 797 3667 901 3728; x_wconf 84' lang='lat' dir='ltr'><strong>Catuli.</strong></span> <span class='ocrx_word' id='word_1_257' title='bbox 926 3689 990 3751; x_wconf 83' lang='lat' dir='ltr'><strong>pag.</strong></span> <span class='ocrx_word' id='word_1_258' title='bbox 1011 3669 1078 3729; x_wconf 83' lang='lat'><strong>773.</strong></span> 
     </span>
     <span class='ocr_line' id='line_1_38' title="bbox 72 3743 1080 3826; baseline 0.004 -22"><span class='ocrx_word' id='word_1_259' title='bbox 72 3743 162 3808; x_wconf 79' lang='lat' dir='ltr'><strong>Bosim</strong></span> <span class='ocrx_word' id='word_1_260' title='bbox 185 3751 221 3810; x_wconf 81' lang='lat' dir='ltr'><strong>ad</strong></span> <span class='ocrx_word' id='word_1_261' title='bbox 248 3751 344 3811; x_wconf 77' lang='lat' dir='ltr'><strong>Attio.</strong></span> <span class='ocrx_word' id='word_1_262' title='bbox 371 3751 443 3826; x_wconf 73' lang='lat' dir='ltr'><strong>xli,</strong></span> <span class='ocrx_word' id='word_1_263' title='bbox 472 3749 524 3826; x_wconf 85' lang='lat'><strong>18,</strong></span> <span class='ocrx_word' id='word_1_264' title='bbox 555 3749 661 3810; x_wconf 79' lang='lat' dir='ltr'><strong>Pearee</strong></span> <span class='ocrx_word' id='word_1_265' title='bbox 684 3749 721 3808; x_wconf 81' lang='lat' dir='ltr'><strong>od</strong></span> <span class='ocrx_word' id='word_1_266' title='bbox 740 3749 795 3822; x_wconf 87' lang='lat'>111,</span> <span class='ocrx_word' id='word_1_267' title='bbox 815 3750 869 3822; x_wconf 78' lang='lat'><strong>24,</strong></span> <span class='ocrx_word' id='word_1_268' title='bbox 889 3751 929 3808; x_wconf 84' lang='grc'><strong>94</strong></span> <span class='ocrx_word' id='word_1_269' title='bbox 949 3748 984 3808; x_wconf 91' lang='lat' dir='ltr'><strong>de</strong></span> <span class='ocrx_word' id='word_1_270' title='bbox 1005 3747 1080 3808; x_wconf 82' lang='lat' dir='ltr'><strong>Ora-</strong></span> 
     </span>
     <span class='ocr_line' id='line_1_39' title="bbox 70 3826 1078 3912; baseline -0.002 -24"><span class='ocrx_word' id='word_1_271' title='bbox 70 3834 133 3890; x_wconf 82' lang='lat' dir='ltr'><strong>tore.</strong></span> <span class='ocrx_word' id='word_1_272' title='bbox 182 3830 287 3893; x_wconf 83' lang='lat' dir='ltr'><strong>Davis.</strong></span> <span class='ocrx_word' id='word_1_273' title='bbox 313 3828 349 3890; x_wconf 82' lang='lat' dir='ltr'><strong>ed</strong></span> <span class='ocrx_word' id='word_1_274' title='bbox 374 3829 451 3912; x_wconf 83' lang='lat' dir='ltr'><strong>legg.</strong></span> <span class='ocrx_word' id='word_1_275' title='bbox 479 3831 521 3905; x_wconf 90' lang='lat' dir='ltr'><strong>ll,</strong></span> <span class='ocrx_word' id='word_1_276' title='bbox 547 3830 575 3889; x_wconf 78' lang='grc'><strong>5.</strong></span> <span class='ocrx_word' id='word_1_277' title='bbox 596 3861 636 3874; x_wconf 92' lang='lat'><em>-</em></span> <span class='ocrx_word' id='word_1_278' title='bbox 676 3829 759 3888; x_wconf 72' lang='lat' dir='ltr'><strong>Fort</strong></span> <span class='ocrx_word' id='word_1_279' title='bbox 780 3829 847 3904; x_wconf 79' lang='lat' dir='ltr'><strong>qui,</strong></span> <span class='ocrx_word' id='word_1_280' title='bbox 867 3826 963 3888; x_wconf 89' lang='lat' dir='ltr'><strong>deleto</strong></span> <span class='ocrx_word' id='word_1_281' title='bbox 984 3827 1078 3888; x_wconf 76' lang='lat' dir='ltr'><strong>ouius-</strong></span> 
     </span>
     <span class='ocr_line' id='line_1_40' title="bbox 69 3910 148 3967; baseline 0.051 -4"><span class='ocrx_word' id='word_1_282' title='bbox 69 3910 148 3967; x_wconf 79' lang='lat' dir='ltr'><strong>modi.</strong></span> 
     </span>
    </p>

    <p class='ocr_par' dir='ltr' id='par_1_12' title="bbox 40 3983 497 4085">
     <span class='ocr_line' id='line_1_41' title="bbox 40 3983 497 4085; baseline 0.009 -41"><span class='ocrx_word' id='word_1_283' title='bbox 40 3983 173 4085; x_wconf 57' lang='lat' dir='ltr'><strong>qempiis]</strong></span> <span class='ocrx_word' id='word_1_284' title='bbox 192 3990 362 4066; x_wconf 76' lang='lat' dir='ltr'><strong>exempleis</strong></span> <span class='ocrx_word' id='word_1_285' title='bbox 381 3986 497 4071; x_wconf 81' lang='lat' dir='ltr'><strong>Vulgat.</strong></span> 
     </span>
    </p>

    <p class='ocr_par' dir='ltr' id='par_1_13' title="bbox 39 4057 885 4151">
     <span class='ocr_line' id='line_1_42' title="bbox 39 4057 885 4151; baseline -0.001 -25"><span class='ocrx_word' id='word_1_286' title='bbox 39 4057 166 4144; x_wconf 67' lang='grc' dir='ltr'><strong>ΙΙϊ]1ιιιε</strong></span> <span class='ocrx_word' id='word_1_287' title='bbox 186 4069 267 4130; x_wconf 84' lang='lat' dir='ltr'><strong>Cod.</strong></span> <span class='ocrx_word' id='word_1_288' title='bbox 288 4067 326 4130; x_wconf 82' lang='lat' dir='ltr'><strong>B.</strong></span> <span class='ocrx_word' id='word_1_289' title='bbox 346 4066 433 4151; x_wconf 79' lang='lat' dir='ltr'><em>Vulg.</em></span> <span class='ocrx_word' id='word_1_290' title='bbox 451 4101 492 4114; x_wconf 91' lang='lat'><em>-</em></span> <span class='ocrx_word' id='word_1_291' title='bbox 512 4067 581 4128; x_wconf 73' lang='lat' dir='ltr'><strong>ltinc</strong></span> <span class='ocrx_word' id='word_1_292' title='bbox 599 4065 664 4126; x_wconf 77' lang='lat' dir='ltr'><strong>Bes.</strong></span> <span class='ocrx_word' id='word_1_293' title='bbox 683 4065 748 4126; x_wconf 80' lang='lat' dir='ltr'><strong>Par.</strong></span> <span class='ocrx_word' id='word_1_294' title='bbox 770 4063 885 4146; x_wconf 74' lang='lat' dir='ltr'><strong>Gryph.</strong></span> 
     </span>
    </p>
   </div>
   <div class='ocr_carea' id='block_1_4' title="bbox 8 4165 877 4258">
    <p class='ocr_par' dir='ltr' id='par_1_14' title="bbox 8 4165 877 4258">
     <span class='ocr_line' id='line_1_43' title="bbox 8 4165 877 4258; baseline 0.001 -24"><span class='ocrx_word' id='word_1_295' title='bbox 8 4207 9 4258; x_wconf 40' lang='lat' dir='ltr'><strong>p</strong></span> <span class='ocrx_word' id='word_1_296' title='bbox 68 4177 149 4237; x_wconf 70' lang='grc' dir='ltr'><strong>ΜΤ.</strong></span> <span class='ocrx_word' id='word_1_297' title='bbox 168 4183 268 4239; x_wconf 78' lang='lat' dir='ltr'><strong>Varro.</strong></span> <span class='ocrx_word' id='word_1_298' title='bbox 787 4165 877 4236; x_wconf 70' lang='lat'><strong>[2]</strong></span> 
     </span>
    </p>
   </div>
   <div class='ocr_carea' id='block_1_5' title="bbox 0 0 1366 4676">
    <p class='ocr_par' dir='ltr' id='par_1_15' title="bbox 0 0 1366 4676">
     <span class='ocr_line' id='line_1_44' title="bbox 0 0 1366 4676; baseline 0 2"><span class='ocrx_word' id='word_1_299' title='bbox 0 0 1366 4676; x_wconf 95' lang='lat' dir='ltr'><strong> </strong></span> 
     </span>
    </p>
   </div>
  </div>
 </body>
</html>
