2628 4672
333 313 478 380 traua
503 311 699 382 sttxtus.
908 373 912 386 ,
985 309 1046 376 tat

43 489 88 584 gt
132 489 211 563 Hinc
234 490 382 588 Augolua
413 489 505 590 quod
530 490 566 568 iu
593 513 634 566 eo
660 487 756 564 locut
785 485 1047 586 angustarium,
1181 531 1187 536 -
1231 521 1236 534 ·

45 595 128 692 quoius
147 595 204 667 loci
223 597 250 668 ia
272 597 420 691 angulus.

102 709 128 776 6.
163 701 330 772 Accianum
352 701 447 778 trium
468 699 593 797 primus
616 701 756 794 agitatus
786 697 921 783 muntia,
955 695 1047 793 quod

44 803 144 897 primum
163 831 292 904 eaquae
307 829 419 876 sumus
437 805 549 889 acturi,
573 805 716 900 cogitare
735 805 904 888 debemus,
926 801 1046 873 deindo

44 923 89 976 tou
105 908 196 982 dicere
216 937 253 982 ac
273 911 393 982 facore.
435 909 490 980 Dc
512 909 562 980 his
584 911 685 980 tribua
708 909 840 979 minime
862 922 957 1004 putat
977 904 1046 976 vol-

44 1037 84 1104 gus
105 1037 165 1084 etse
190 1017 348 1086 actionem
378 1015 625 1110 cogitationem
661 1015 791 1086 tertium
819 1015 942 1108 inquo
966 1010 1047 1107 quid

43 1115 154 1203 ficimus,
171 1117 204 1190 id
222 1146 422 1205 maxumum3
455 1119 517 1190 sed
540 1134 573 1190 et
596 1144 696 1215 quom
719 1145 757 1190 oa
781 1119 942 1214 agitamus
965 1115 1047 1214 quid

45 1235 65 1288 rt
79 1246 135 1294 eam
151 1249 213 1297 rem
234 1227 432 1322 cogitamus,
459 1225 495 1296 iu
516 1241 626 1296 menta
649 1225 794 1322 agimus3
818 1240 851 1338 ct
872 1249 948 1294 oum
968 1245 1093 1319 pro-aa

66 1475 95 1490 -
113 1443 139 1506 c'o
160 1468 188 1507 eo
209 1461 306 1526 potest
330 1449 388 1534 agr’
405 1447 507 1513 Codex
525 1449 562 1512 Β.
581 1449 660 1513 Edit.
686 1447 779 1536 princ.
804 1459 911 1514 vetuit.
928 1445 1046 1531 Vulgat-

65 1523 139 1586 Vertr.
156 1527 266 1611 Sciopp.

42 1602 125 1682 quoia]
142 1607 225 1668 Havu.
243 1642 285 1656 -
303 1611 386 1670 caiae
405 1609 504 1670 ceteri.

42 1679 174 1770 mium]
193 1689 233 1750 ⁹⁸⁵³
250 1692 381 1772 argutus
400 1689 501 1752 Codex
521 1691 556 1752 B.
575 1723 616 1738 -
635 1693 765 1788 orgalas
784 1689 878 1750 Havu.

109 1945 112 1955 Ι
405 1873 431 1938 (2
451 1895 467 1936 a
487 1897 516 1958 p.
579 1875 631 1935 vl.

42 1988 150 2078 iuhemus]
169 2000 319 2064 debeamus
337 2002 426 2066 Paris·
448 2000 563 2084 GsyPh·

40 2083 80 2131 tm
108 2089 133 2136 tu
147 2079 232 2142 Haru.
310 2131 315 2138 .
452 2120 457 2130 ·

32 2071 106 2214 ticcio
120 2177 147 2218 ac
163 2159 270 2246 facere]
303 2161 384 2222 Flor.
403 2156 498 2223 ΗΜ.
510 2158 595 2222 -Coti
614 2159 650 2221 Β.
670 2161 748 2223 Edit.
768 2161 859 2244 princ.
879 2173 937 2223 vet.
956 2159 1046 2222 Rhot.

31 2251 34 2268 ¹
66 2231 144 2296 Vena
164 2239 185 2300 l.
210 2241 244 2301 ll.
263 2275 306 2288 —
331 2244 428 2302 dicere
447 2265 484 2302 ac
499 2256 646 2318 postremo
657 2243 765 2322 facere
785 2242 853 2301 Md.
872 2242 937 2302 Bas.
956 2241 1045 2302 Paria.

64 2309 152 2395 Gryph.
174 2319 289 2405 Vulgat
311 2321 445 2382 Vertran.
467 2320 587 2406 Sciopp.
611 2354 652 2368 -
684 2321 745 2382 Atii
766 2323 872 2382 deinde
892 2324 989 2382 dicere
1008 2343 1046 2382 uc

63 2405 109 2450 tam
116 2398 210 2470 sotere
228 2401 306 2461 corti
329 2413 388 2460 cut.

39 2465 62 2526 dt
75 2469 107 2531 hia
137 2479 169 2537 de
186 2479 246 2539 λάε
266 2421 386 2563 Vuigat.

39 2547 102 2610 umus
130 2557 215 2618 omitt.
233 2559 314 2620 Edit.
354 2559 424 2618 rinc.
446 2572 505 2621 vat

38 2626 109 2716 tulgus
141 2635 265 2700 Floreat.
286 2582 374 2722 Vuig.
393 2639 528 2700 Vertrau.
549 2639 667 2722 Sciopp.
686 2673 728 2687 -
748 2641 849 2722 tulgus
867 2639 965 2702 ceteri.

38 2715 346 2874 .1
368 2722 692 2814 s

277 2843 284 2858 .
305 2831 346 2844 -
365 2823 394 2858 m
416 2824 438 2860 x
637 2844 645 2860 .

38 2879 80 2924 tuo
95 2868 139 2931 hos
155 2873 305 2958 agitamus]
326 2877 457 2938 Floreat.
476 2877 555 2940 Edit.
575 2878 666 2962 princ.
685 2891 742 2940 vet.
764 2875 906 2939 Rholaud.
925 2877 999 2938 ven,
1021 2878 1044 2940 1.

62 2943 88 3006 ll.
108 2949 166 3012 Ald.
186 2955 245 3018 Bas.
267 2958 335 3017 Par.
356 2955 469 3040 Gryph.
489 2989 531 3004 -·
563 2981 627 3018 cum
646 2961 700 3019 hoc
719 2960 870 3040 agitamus
889 2957 989 3019 Codex
1010 2957 1045 3016 B.

62 3021 156 3112 Volgat.
174 3035 272 3096 Vortr.
292 3067 333 3082 —
353 3060 416 3097 eum
433 3038 599 3118 satagimus
617 3037 736 3118 Sciopp.
755 3069 796 3084 -
814 3037 867 3097 At.
887 3039 916 3096 V
915 3049 952 3096 et.
973 3034 1046 3096 cod.

63 3103 111 3165 Sed
130 3125 155 3171 et
179 3139 266 3191 quom
290 3117 454 3197 cogitamus
478 3119 568 3196 quid,
601 3141 667 3177 eam
686 3140 747 3176 rem
766 3117 797 3178 t'rr
817 3130 912 3176 mente
930 3117 1047 3196 agimur

61 3182 156 3271 Sciopp.
180 3215 270 3278 marg.
297 3228 338 3241 -
371 3198 532 3275 cogitamus
556 3196 712 3298 Augustin.
735 3217 825 3278 marg.
846 3217 881 3256 ex
901 3194 986 3256 libro.
1005 3225 1047 3289 ''.''

60 3284 107 3323 tvm
124 3294 170 3329 uos
188 3277 342 3353 agitamus
361 3273 498 3357 Scaliger.
518 3307 559 3322 -
591 3279 671 3336 Part.
691 3297 755 3335 trem
775 3298 807 3335 os
826 3278 975 3356 agitamus
993 3274 1047 3333 Vr-

61 3346 147 3408 rodus
164 3364 193 3412 et
212 3353 252 3414 ita
271 3354 365 3414 Horu.
386 3355 437 3434 qui
456 3355 496 3414 sic
516 3353 645 3416 exhibet:
671 3377 756 3434 quom
776 3355 829 3414 hoe
847 3357 996 3436 agitamus
1014 3355 1046 3413 r'rt

59 3431 443 3573 {fmb‘fffimmm‘ffif'fstm
464 3455 549 3573 mlarm
569 3436 660 3532 prima
672 3433 775 3574 gititetga
795 3434 974 3576 grggomiuir
993 3433 1048 3574 {alga

95 3525 179 3571 Vtrts
218 3531 251 3574 os
299 3534 353 3573 mas
372 3536 404 3573 art
423 3535 517 3574 arere
579 3537 653 3574 amur
692 3534 735 3575 ee
759 3537 785 3586 ες
805 3535 834 3573 tn
911 3537 978 3574 ream

58 3577 136 3646 dm
197 3533 217 3593 P
537 3536 578 3595 ⁰8
855 3628 857 3632 .
892 3537 909 3593 9

34 3657 80 3732 to'd
95 3676 121 3724 et
137 3687 194 3728 cam
213 3667 293 3750 rem]
314 3668 445 3732 Florent.
465 3661 559 3732 Horu.
579 3671 657 3733 Edit.
677 3671 769 3754 princ.
784 3670 878 3732 ahot.
897 3672 1004 3734 Veuct.
1024 3673 1047 3732 1.

58 3737 85 3797 il·
100 3741 158 3806 Ata
179 3749 240 3810 Bas.
262 3751 350 3811 Paria.
372 3749 486 3835 Gryph.
506 3751 595 3832 Sciop
618 3796 625 3810 .
645 3785 685 3798 -
710 3754 787 3830 quid
804 3775 869 3812 eam
887 3775 949 3812 rem
967 3751 1046 3813 Edit.

57 3831 142 3884 retro.
157 3859 198 3874 -
218 3831 341 3907 quidet
361 3831 392 3889 iu
413 3853 478 3890 eam
497 3855 559 3891 rem
605 3831 679 3892 odex
699 3831 733 3890 Β.
752 3829 841 3914 Vulg.
860 3831 996 3893 Vertrau.

32 3895 169 3996 ωεῐὶξωιιε]
202 3927 260 3968 om.
290 3907 408 3991 Sciopp.
426 3941 468 3955 -
499 3911 652 3991 agitamur
671 3909 760 3972 Rhol.
781 3911 885 3972 Venet.
905 3912 928 3969 1.
949 3910 985 3971 11.
1005 3939 1047 3958 ··-

31 3987 390 4148 ἦαᾞῃξὲῒῃίίεω.
411 4063 484 4132 cod.
503 4067 538 4131 B.
557 4067 636 4131 Edit.
654 4067 749 4152 princ.
769 4081 827 4131 vet.
848 4065 937 4132 tthot
957 4065 1047 4154 Vulg.
