2722 4676
246 293 287 356 22
579 294 722 358 LIBER
743 295 966 372 QUINTUS.

248 485 361 539 nostra
384 486 441 539 aut
462 469 570 539 aliena
592 487 649 541 ant
671 470 804 542 oblivia:
827 474 869 546 de
892 477 1012 548 nostrin
1028 478 1135 550 dicam
1151 484 1299 572 cursim,

250 575 291 644 de
320 573 434 644 alienis
463 575 551 645 unde
581 575 663 659 sint,
701 575 741 646 de
772 578 908 680 obliviis‘
926 581 1123 680 relinquam,
1159 615 1302 685 qnorum

249 678 366 774 partim
395 705 461 776 quo
488 679 534 749 ita
562 679 741 750 invenerim
760 682 805 752 ita
829 684 942 779 opiner
964 689 1112 762 scribam.
1172 695 1211 763 ln
1233 695 1300 768 hoc

249 784 333 854 libro
364 783 469 854 diuam
499 784 540 853 de
557 785 722 854 vocabulis
745 785 893 859 locorum
916 808 949 860 et
970 818 1054 888 quae
1076 796 1110 864 in
1133 799 1182 869 his
1204 819 1298 888 sunt3

249 890 285 958 in
308 890 455 960 secundo
480 889 520 959 de
544 905 726 984 temporum
750 908 782 961 et
805 921 889 990 quae
911 897 946 965 in
969 897 1020 967 his
1043 901 1138 990 fiunt3
1175 905 1211 976 in
1233 923 1299 977 ter-

249 993 294 1064 tio
319 993 360 1064 de
383 1011 521 1090 utroquo
543 1019 579 1062 re
602 1019 620 1061 a
643 994 749 1088 poetis
773 1001 1021 1094 comprehensa.

336 1097 541 1194 Pythagoras
571 1095 702 1166 Samius
730 1097 774 1169 ait
802 1104 947 1175 omnium
975 1135 1082 1180 rerum
1110 1112 1199 1182 initia
1221 1139 1299 1186 esse

247 1201 342 1287 bina,
364 1217 400 1270 ut
421 1201 546 1273 finitum
569 1218 602 1271 et
622 1202 797 1290 infinitum,
827 1209 951 1279 bonnm
973 1230 1006 1282 et
1028 1216 1165 1303 malum,
1197 1218 1300 1288 vitam

249 1323 458 1391 emortum,
491 1307 577 1376 diem
600 1323 632 1376 et
654 1325 794 1380 noctem.
847 1310 960 1402 Quare
983 1318 1061 1388 item
1084 1322 1165 1408 dno,
1192 1339 1299 1394 status

250 1428 281 1482 et
303 1426 430 1496 motus3
455 1411 544 1508 quod
567 1427 631 1480 stat
654 1431 709 1482 aut
732 1416 884 1508 agitatur,
909 1446 1044 1515 corpus:
1067 1427 1123 1496 nbi
1146 1429 1299 1523 agitatur,

247 1514 356 1584 locus:
398 1515 476 1586 dum
509 1517 662 1610 agitatur,
701 1534 845 1614 tempus:
890 1524 978 1616 quod
1014 1545 1064 1597 est
1096 1530 1129 1598 in
1163 1534 1299 1625 agitatu,

247 1618 346 1690 actio.
370 1617 628 1716 Quadripartitio
645 1621 749 1717 magis
772 1625 819 1694 sic
842 1630 1022 1721 apparebit:
1047 1659 1166 1729 corpus
1189 1654 1300 1708 estut

247 1750 376 1794 cursor:
409 1723 501 1794 locus
520 1725 675 1810 stadium,
709 1751 773 1822 qua
797 1733 906 1800 currit:
944 1750 1072 1831 tempus
1095 1739 1193 1826 hora,
1230 1768 1299 1838 qua

245 1987 296 2037 aut
314 1975 430 2060 nostra]
451 1993 505 2038 aut
524 2003 544 2038 a
565 1995 676 2040 natura
696 1979 773 2040 Edit
793 1983 884 2063 princ.
906 1997 1010 2049 vetust.

244 2085 294 2134 aut
314 2071 436 2156 oblivia]
464 2089 518 2134 aut
539 2079 573 2136 ob
593 2079 701 2137 oblivia
721 2076 798 2137 Edit
818 2080 909 2160 princ.
930 2095 1035 2145 retusi.

244 2168 318 2245 sint,
348 2169 383 2231 de
403 2170 516 2246 alienis,
546 2173 621 2234 unde
641 2171 713 2252 rint,
745 2173 781 2234 da
801 2173 932 2262 obliviis]
967 2199 1023 2241 om.
1046 2179 1118 2243 Coti
1140 2183 1234 2246 Havn.
1256 2219 1299 2234 —

284 2250 416 2310 oblr'rieis
434 2249 521 2332 Vulg.

244 2339 420 2485 relinquangg
445 2368 533 2421 quam
552 2347 644 2408 Havn.
811 2429 819 2444 ·

243 2421 365 2507 partim]
423 2436 515 2485 orent.
537 2459 577 2470 -
592 2441 711 2504 partem
730 2440 827 2490 ceteri.

243 2540 302 2600 quo
329 2520 368 2582 ita
392 2519 552 2583 invenerim
576 2522 616 2582 ita
641 2521 761 2606 opiner]
795 2527 819 2584 F
821 2525 924 2589 lorent.
953 2528 1026 2591 Cod.
1046 2531 1080 2592 B.
1102 2533 1178 2595 Edit.
1200 2536 1297 2617 princ.

283 2611 400 2676 vetust,
424 2601 493 2659 item
513 2601 622 2678 Havn,
652 2603 702 2683 qui
722 2606 824 2678 opinor
844 2607 975 2687 praebet3
1005 2610 1053 2671 itta
1073 2610 1160 2674 lectio
1180 2627 1298 2676 mutato

282 2701 339 2756 quo
363 2679 394 2738 in
415 2682 495 2756 qnod
512 2681 628 2762 planum
648 2694 745 2742 censet
765 2683 893 2746 Turneb.
914 2722 955 2734 -
989 2713 1052 2750 cum
1072 2693 1118 2752 ita
1138 2696 1298 2754 invenerim

281 2771 315 2816 ut
341 2760 442 2834 opiner
460 2758 601 2821 Rhoiand.
623 2762 727 2822 Venet„
749 2763 911 2826 1.11‚Atd.
933 2769 997 2829 Bas.
1017 2769 1103 2830 Paris.
1126 2771 1241 2854 Grypb.
1263 2787 1299 2836 et

281 2835 350 2896 fort.
379 2835 470 2897 altero
491 2840 536 2898 ita
557 2851 687 2917 retento,
720 2856 753 2901 ut
774 2843 820 2902 ita
841 2848 943 2920 opiner
962 2869 1062 2909 verum
1082 2863 1133 2912 est.
1154 2885 1195 2898 -
1229 2877 1297 2926 cum

280 2917 328 2974 ita
352 2917 508 2976 invenerim
532 2933 565 2977 tet
587 2922 690 2996 opinor
710 2921 826 3017 vulgat.
846 2924 980 2987 Vertran
1001 2961 1042 2974 -··
1075 2954 1161 3006 quom
1181 2947 1297 2992 certum

279 3017 337 3054 non
363 2996 519 3056 invenerim
543 3012 576 3057 ut
601 3000 705 3076 opinor
730 3001 848 3086 Sciopp.
872 3037 913 3050 -
945 3030 1009 3080 oum
1036 3010 1082 3069 ita
1108 3013 1232 3071 evenerit
1259 3027 1296 3072 ut

278 3075 383 3148 opinor·
402 3073 541 3136 Gothotr.
560 3079 632 3140 vult.

237 3165 401 3250 vocabulis]
424 3174 584 3234 vocaminis
603 3171 660 3234 vul
685 3225 688 3234 .
711 3189 741 3238 et
761 3192 860 3259 postea
880 3181 974 3244 heis..
990 3184 1111 3260 poeteis.

236 3242 433 3336 Pythagorae]
453 3250 641 3334 Pithagorae
660 3195 736 3317 fidit
757 3258 848 3340 princ.
870 3274 975 3328 retest.
995 3263 1099 3324 Venet.
1122 3264 1157 3326 11.

235 3319 498 3485 itiiiiaffuiml'itiiiia
517 3409 640 3494 August.
660 3413 691 3474 in
712 3414 834 3478 Emend..
854 3419 947 3482 affert.

235 3478 312 3565 duo]
333 3487 391 3546 due
409 3485 598 3628 EditFprinc·
619 3505 722 3554 vetust.

233 3573 284 3622 aut
307 3561 450 3702 pgitatnr]
521 3582 614 3634 orent.
636 3573 728 3635 Havn.
750 3572 822 3636 Cod.
841 3576 875 3637 B.
898 3577 1013 3665 Vulgat.
1035 3614 1075 3628 -·
1107 3597 1162 3642 aut
1183 3586 1295 3666 agitur

272 3662 305 3704 ee
320 3664 371 3703 en.

232 3731 283 3794 ubi
302 3735 443 3820 agitatur]
465 3744 619 3823 rogitatur
637 3745 730 3809 Havn.

233 3825 470 3916 quadripartitio]
492 3841 705 3915 quadripartia
726 3843 804 3906 Edit
824 3847 916 3929 princ.
937 3861 1041 3914 vetunt.
1061 3851 1152 3912 Rhol.

230 3925 321 4006 magis
341 3922 399 4009 sic]
418 3931 462 3988 sic
481 3935 579 4012 magr's
596 3935 690 3999 Havn.

231 4019 352 4082 rtadium
388 4018 462 4106 qua]
495 4025 626 4090 Floreat
659 4032 752 4096 Havn.
779 4031 847 4097 alt
873 4037 937 4102 Bas.
960 4040 1025 4105 Par.
1053 4041 1168 4127 Gryph.
1196 4045 1293 4134 Vuig.
