2714 4686
367 327 508 391 LIBER
538 323 771 392 OCTAVUS.
1036 269 1094 396 lli

28 502 122 572 dem
146 501 175 570 si
196 529 327 599 genere,
353 503 468 574 eudem
490 503 595 602 ligura
615 507 786 578 transitum
802 505 843 576 de
860 529 957 576 cesso
970 507 1005 578 iu
1022 533 1094 580 cas·
1118 499 1121 510 ’

29 632 119 676 sum
142 607 287 680 similiter
309 609 439 680 ostendi
460 609 580 706 possit3
604 613 659 709 qui
680 611 762 681 hoec
777 609 898 695 dicunt,
918 629 1093 710 utrumque

27 711 214 805 ignorant,
252 713 347 784 etin
377 739 442 812 quo
472 714 548 786 loco
577 715 753 806 similitudo
781 714 900 785 debeat
933 741 1022 800 esse,
1061 733 1103 788 et·

30 817 321 912 quemadmodum
343 818 483 914 spectari
505 819 627 908 soleat¹¹
648 819 750 903 similo
773 818 815 888 sit
836 842 950 889 necne.
995 819 1094 910 Quae
1157 858 1163 870 ·

29 943 128 991 cum·
140 921 311 1018 ignorant,
339 924 484 1019 sequitur
504 941 542 994 ut
562 949 664 1020 quom
687 922 871 1017 analogiam
894 923 1008 996 dicere
1024 951 1094 996 nou

27 1026 186 1122 possint,
208 1027 301 1122 sequi
322 1033 429 1118 [nou]
448 1027 637 1098 debuemus.
681 1024 817 1115 Quaero
841 1026 937 1116 euim,
959 1031 1095 1102 verbum

28 1146 152 1199 utrum
186 1130 296 1201 dicant
325 1157 440 1202 vocem
475 1157 558 1228 quae
588 1158 626 1202 ex
654 1130 784 1226 syllabis
815 1147 866 1200 est
893 1131 983 1219 licto,
1021 1159 1095 1206 eam

33 1259 144 1330 quam
170 1233 339 1326 audimus3
376 1259 420 1306 un
450 1237 540 1332 quod
568 1261 640 1308 eom
667 1235 840 1330 siguificat,
878 1263 976 1332 quem
997 1238 1092 1308 intel·

31 1339 201 1432 legimus3
237 1363 280 1409 au
307 1356 489 1436 utrumque.
548 1337 585 1408 Si
612 1345 674 1410 vo'x
700 1340 776 1410 voci
807 1365 881 1411 esse
916 1342 1014 1412 debet
1048 1342 1092 1412 si·

30 1443 146 1528 milis,
171 1443 253 1513 uilril
275 1445 386 1531 refert,
416 1445 508 1542 quod
528 1444 704 1540 siguificat,
731 1469 802 1515 mes
825 1443 1012 1515 uolumina
1034 1445 1095 1514 site

34 1565 79 1619 et
106 1565 211 1618 utrum
234 1575 356 1622 nomeu
378 1573 421 1618 an
444 1549 638 1619 vocabulum
662 1550 717 1636 sit,
755 1551 843 1645 quod
865 1551 911 1620 illl
932 1551 1091 1621 iuteresse

33 1654 168 1722 dicunt.
211 1651 272 1723 ssu
293 1653 374 1723 illud
397 1655 487 1751 quod
510 1653 723 1747 significetur,
761 1653 858 1724 debet
880 1679 954 1724 esse
976 1654 1098 1740 simite,
1182 1687 1184 1693 ⁸

30 1758 155 1828 Diona
177 1773 209 1830 et
231 1755 373 1830 Theona
396 1783 479 1857 quos
503 1759 614 1828 dicunt
636 1781 709 1828 esse
730 1781 837 1854 paene
852 1758 917 1854 ipsi
931 1761 1092 1854 geminos,

32 2013 67 2098 si
106 2007 209 2096 euere]
233 2011 274 2075 sic
292 2033 346 2074 nos
365 2011 522 2074 necessaria
540 2010 749 2074 emendatione.
768 2042 808 2055 -
826 2012 869 2072 sit
885 2001 991 2093 genere
1009 2009 1091 2071 Flor.

80 2032 175 2152 flam.
204 2091 278 2154 cod.
297 2093 332 2154 Β.
358 2093 411 2154 Ed.
431 2093 523 2174 princ.
544 2102 647 2152 vetust.
668 2090 756 2151 Rhol.
776 2091 881 2151 Venet.
902 2091 924 2150 l.
943 2091 981 2151 ll.
1001 2087 1090 2174 Vulg.

79 2171 182 2232 Vertr.
203 2172 320 2254 Sciopp.
341 2205 381 2218 -
392 2176 435 2250 fit
450 2193 555 2254 genere
574 2169 640 2230 Ald.
660 2171 724 2231 Bas.
743 2169 807 2231 Par.
828 2167 874 2230 Gr
914 2169 946 2234 h.
1171 2191 1178 2214 1

31 2247 211 2334 transitum]
231 2254 363 2312 transitu
380 2252 485 2312 Venet.
505 2252 528 2311 l.
548 2251 584 2310 ll.
605 2249 673 2310 Ald.
692 2250 757 2310 Ber.
776 2249 842 2312 Pur.
862 2191 987 2332 (ilyphe

33 2331 75 2391 de
97 2351 163 2390 cusu
181 2329 211 2390 iu
231 2327 344 2412 cutum]
365 2335 503 2392 decessu
523 2332 555 2389 io
574 2351 687 2394 cassum
705 2328 785 2394 Flot·
890 2395 893 2402 ,

33 2407 145 2471 debeat
162 2402 243 2492 essu]
258 2434 318 2471 esse
337 2412 441 2470 deleat
460 2409 553 2472 Huvu.

32 2487 367 2628 spectamliexspectari
383 2486 456 2550 Cot.
476 2489 510 2550 B.
570 2528 573 2537 ι

33 2565 155 2651 quom]
198 2589 262 2630 aru.
281 2577 403 2632 -scrort
423 2568 521 2630 ceteri.

32 2647 122 2728 sequi
142 2645 307 2727 debeamus]
340 2647 381 2709 itu
400 2645 466 2710 libri
487 2669 601 2724 omues,
626 2659 744 2728 praeter
760 2648 859 2708 Vortr.
880 2645 1023 2729 Seiopp.‚.
1038 2648 1097 2728 qui

80 2739 178 2822 reete:
209 2730 293 2804 sequi
311 2752 368 2788 non
389 2731 559 2800 debeamuss
591 2747 671 2807 seqq.
690 2747 824 2810 maguum
844 2725 935 2788 inesse
953 2725 1089 2788 mendum

33 2805 428 3026 qu312c¹ixvll÷llihissleliitlrnm
437 2805 733 2968 ἷὶὅὲὶιὶξιόὲρὲἶῖ
747 2886 841 2967 princ.
861 2896 919 2948 vet.
933 2917 973 2931 -
991 2884 1088 2968 sylla·

96 2988 139 3025 ers
186 2989 204 3024 u
238 3009 246 3023 .

31 3057 83 3107 est
103 3041 183 3124 ficta]
203 2986 326 3123 cffnficto
345 3045 439 3106 ΗΜ.
1098 3121 1101 3126 Ι

32 3146 101 3187 eam
121 3118 278 3220 siguificat]
307 3122 383 3186 cod.
402 3125 436 3185 Β.
457 3122 544 3208 Vulg.
564 3121 664 3185 Vertr.
684 3121 803 3205 Seiopp.
822 3157 862 3168 -
881 3143 918 3186 ea
936 3121 1092 3204 er'gm'ficat

31 3215 250 3426 iutilldgiiuus'}
269 3281 357 3378 Volg.
377 3283 477 3344 Ver-tr.
497 3317 538 3332 -
557 3284 758 3364 intelligemus
777 3281 895 3366 Seiopp.
915 3313 956 3328 -
975 3281 1088 3342 intelli·

34 3383 224 3521 meismes}
245 3384 328 3503 dile!
348 3464 408 3502 csse
426 3441 522 3505 Horu.

32 3518 153 3600 utrum]
173 3535 328 3599 utrumque
345 3521 438 3582 Havn.

33 3597 99 3683 tro]
119 3602 196 3662 ettae
212 3599 295 3660 utor.
313 3631 354 3646 -
373 3601 429 3661 tto
447 3600 540 3662 flavo.

33 3679 135 3740 Diouo
154 3692 185 3740 et
203 3675 343 3762 Theoue]
362 3678 493 3740 Floreat.
513 3678 661 3741 codexlt
680 3677 769 3763 Vulg.
788 3677 887 3739 Vertr.
907 3675 996 3759 Sciop
1019 3717 1027 3736 .
1047 3707 1094 3724 ·--

80 3759 200 3820 Theom
219 3772 249 3819 et
268 3759 387 3821 Theona
406 3758 485 3820 Edit.
505 3758 595 3840 princ.
616 3770 675 3820 vet.
695 3789 737 3804 -
771 3757 888 3818 Theona
908 3770 937 3816 et
959 3697 1091 3816 utinm

75 3837 165 3900 Rhol.
186 3838 259 3899 Vsu.
281 3839 305 3902 l.
325 3838 362 3899 ll.
381 3871 418 3884 -
453 3837 558 3900 Deoua
577 3851 606 3898 et
622 3838 760 3898 Atheona
780 3837 872 3898 flavo.
892 3867 933 3882 -
968 3835 1087 3896 Theona

75 3933 105 3978 et
125 3915 227 3978 Diona
245 3916 329 3996 Pius,
349 3916 416 3979 ΑΜ.
436 3915 521 3980 Basil.
540 3917 628 3978 Paris.
649 3913 765 4000 Gryph.
784 3948 825 3963 -
850 3915 886 3978 cl.
905 3913 1031 3978 Lobeck.
1051 3913 1087 3977 ud

74 3995 232 4080 Phryuieh.
246 4017 317 4096 1²³3·
335 3995 385 4059 58.

35 4097 129 4158 paene
149 4075 218 4160 ἱροῦ
239 4101 297 4156 epse
312 4099 408 4156 paroc
427 4076 542 4162 vulgat.
561 4077 695 4140 Vertruu.
715 4074 833 4158 Seiopp.
