2714 4686
373 315 513 376 LIBER
544 314 771 378 DECIMUS.
1039 319 1098 382 5⁸19
1143 337 1149 356 t

44 487 181 559 sitiouer
205 513 272 575 eus,
296 516 381 586 quae
402 493 484 562 liunt
505 491 697 587 plerumque
720 491 754 560 iu
776 494 871 563 rectis
888 491 1017 562 casibus
1031 493 1083 563 riu

42 593 226 687 puberibus,
267 596 355 691 quod
385 596 535 668 homines
557 594 699 690 imperiti
722 611 755 664 et
777 595 917 692 dispersi
938 596 1097 668 voeabula

40 698 142 770 rr'bus
163 699 352 795 imponunt,
375 725 573 796 quocunque
597 723 655 768 eos
678 698 779 770 libido
801 698 959 782 invitavit3
982 715 1097 770 nature

41 804 234 900 inourrupta
261 803 452 900 plerumque
476 820 527 874 est
547 819 663 897 suapte
686 819 821 899 sponte,
859 802 923 872 uisi
944 801 1001 899 qui
1024 829 1096 876 eum

39 933 108 978 usu
134 909 239 978 inscio
262 908 458 1003 depravabit
517 905 632 998 Quare
654 907 778 1003 siquis
801 906 996 1002 principium
1018 933 1097 980 aua·

39 1011 151 1104 legiae
173 1013 281 1108 potius
304 1013 452 1110 posuerit
472 1011 506 1081 iu
529 1011 730 1081 naturalibus
753 1010 894 1096 casibus,
917 1038 1014 1108 quam
1037 1014 1096 1084 im·
1109 1036 1162 1093 ιτα

39 1117 218 1213 positiciis,
256 1141 325 1186 nou
351 1117 453 1187 multa
480 1117 514 1186 iu
537 1117 775 1188 cousuetudine
800 1134 983 1204 occurrent,
1022 1119 1097 1190 etti

40 1237 160 1292 natura
181 1219 280 1291 libido
304 1221 448 1291 bumana
471 1221 663 1315 corrigetur,
692 1247 761 1292 uon
785 1222 826 1290 ab
848 1220 981 1293 libidine
1003 1241 1110 1300 natu·¹

38 1351 98 1408 ra,
136 1326 241 1421 quod,
280 1327 333 1424 qui
364 1327 607 1422 impositionem
635 1328 729 1422 sequi
763 1325 938 1411 volueriut,
977 1327 1098 1400 laeieut

41 1446 169 1502 eontra.
203 1428 264 1500 Sin
287 1432 329 1500 ab
352 1430 509 1525 singulari
531 1431 603 1527 quis
627 1431 735 1525 potius
758 1431 921 1528 proficisci
942 1432 1039 1517 volet,
1062 1433 1097 1504 id

38 1535 135 1606 illurn
162 1533 268 1605 fucere
300 1537 461 1630 oportebit
488 1537 529 1606 ub
560 1553 652 1605 sexto
680 1561 760 1606 casu
790 1535 845 1632 qui
875 1552 926 1604 est
945 1538 1096 1632 proprius

39 1639 196 1724 Latinum
219 1661 297 1708 uam
320 1639 390 1710 eins
413 1663 509 1710 cesus
532 1639 583 1710 bis
606 1639 771 1710 literarum
794 1640 1032 1712 discriminibus
1048 1641 1096 1712 la·

16 1995 21 2004 ,
40 1928 74 1987 in
95 1925 291 2007 impositiones
329 1927 539 2003 impositiones
559 1927 652 1987 llavu.

40 2006 157 2088 plerum
179 2027 215 2066 ue
234 2018 278 2066 eat
316 2006 339 2064 F
342 2004 396 2064 lor.
415 2005 508 2066 Here.
530 2039 570 2051 —
590 2021 633 2064 est
649 2007 822 2086 plerumque
840 2005 954 2086 reliqui.

41 2027 228 2166 depravabit]
286 2086 434 2164 eprararr't
453 2083 570 2170 vulgat.
590 2085 725 2146 Vertrau.
747 2085 866 2168 Seiopp.
885 2117 925 2132 -
952 2087 1096 2162 depraua-
1184 2099 1188 2108 “

84 2165 149 2224 tait
169 2165 209 2224 sie
228 2163 320 2224 Havn.

41 2237 172 2338 casibus]
193 2263 250 2302 om.
271 2244 363 2303 Havn.

41 2343 130 2418 quam
149 2319 338 2405 impositiciis]
372 2323 396 2382 F
399 2323 503 2384 loreut
522 2323 615 2422 Hero.
636 2355 677 2420 -3-
697 2347 785 2421 quam
805 2326 836 2385 r'rr
852 2325 999 2406 posr'tr'cr'r’s
1017 2325 1095 2386 Edit.

83 2400 1096 2620 respuentque?tenete}tlt-..tlte

98 2581 128 2620 ra
152 2605 159 2620 .
203 2580 248 2620 ero
290 2605 298 2619 .

40 2573 216 2798 nollphrldulta
235 2581 288 2724 iil

95 2745 104 2779 ι
126 2743 161 2780 rr.

41 2796 216 2878 ueremur]
237 2812 418 2860 occurrerent
438 2799 531 2858 ΗΜ.

41 2891 113 2941 eta
132 2875 247 2956 natura]
269 2876 397 2938 Floreut.
419 2877 512 2936 Huvn.
534 2875 651 2958 Sciopp.
670 2907 712 2924 -·
730 2889 759 2938 et
777 2893 887 2938 natura
906 2878 983 2939 Edit.
1003 2878 1094 2960 princ.

85 2969 145 3018 ret.
163 2989 204 3002 -
222 2970 256 3017 ut
274 2981 294 3017 a
314 2973 423 3017 natura
443 2957 542 3017 Verlr.
561 2988 601 3001 -
620 2969 649 3017 rt
667 2969 701 3015 ut
720 2979 741 3014 a
761 2973 874 3018 natura
893 2957 1006 3038 reliqui.

41 3034 227 3120 corrigetur]
253 3037 331 3097 Flor.
354 3036 471 3118 Sciopp.
490 3069 529 3080 -
549 3037 745 3116 corriperetur
763 3035 857 3099 Horu.
875 3069 916 3084 -
935 3037 1099 3118 confflem·

87 3115 186 3176 ceteri.

41 3217 109 3256 non
128 3193 180 3275 ab]
200 3219 269 3256 nam
289 3219 329 3255 an
348 3195 441 3255 Haeo.

42 3273 153 3336 sacient
172 3272 287 3354 eontra]
317 3272 405 3356 Vulg.
424 3273 522 3334 Vertr.
543 3271 661 3356 Sciopp.
680 3305 720 3318 -
730 3273 853 3352 sacient
871 3276 1026 3336 contraria
1045 3295 1096 3336 ve-

87 3366 164 3414 teres
186 3351 251 3412 libri
270 3373 378 3412 omnes.

42 3431 83 3495 ab
103 3427 257 3570 singularia
278 3430 357 3490 Flor.
377 3431 469 3492 Have.
488 3447 528 3476 -··
548 3453 568 3490 a
586 3433 740 3508 singulari
756 3429 868 3511 reliqui.

42 3509 148 3586 volet,
167 3508 311 3651 libi-⁰¹¹¹]
338 3509 453 3595 vulgat.
473 3507 570 3570 Verte.
593 3510 712 3592 Sciopp.
732 3542 773 3557 -
793 3513 867 3572 solet
886 3511 918 3571 r‘n
938 3511 1025 3573 illum
1044 3531 1095 3574 re·

87 3603 164 3652 teres
195 3613 204 3651 ι
226 3611 260 3650 rt.

43 3670 153 3731 latinus
174 3714 182 3730 .
201 3691 267 3730 uam
290 3667 350 3731 einr
375 3689 453 3728 rasos
473 3665 531 3747 his]
565 3665 644 3728 Flor.
664 3669 757 3730 Huvu.
777 3701 817 3713 —
849 3670 977 3729 larr'uum
997 3715 1005 3730 .
1024 3693 1094 3731 nem

87 3752 152 3811 eius
169 3773 254 3809 casus
273 3749 319 3810 tis
338 3747 416 3807 Edit.
437 3747 528 3828 princ.
549 3758 703 3808 vetusta·
722 3748 829 3806 latinis
848 3792 856 3806 .
875 3771 944 3808 nom
964 3752 1025 3808 rius
1043 3772 1093 3810 ca·

85 3852 138 3888 sur
157 3829 203 3890 tis
221 3827 364 3890 Rholaud.
383 3827 459 3888 Ven-
480 3827 501 3885 l.
521 3827 557 3886 ll.
577 3825 644 3888 ΑΜ,
663 3825 747 3886 Basil.
768 3825 832 3886 Par.
851 3825 964 3908 Gryph.
985 3861 1025 3876 -
1045 3831 1093 3887 la-

88 3909 160 3968 lr'ne's
179 3909 254 3968 enirn
273 3931 329 3968 non
349 3921 392 3966 est
413 3929 505 3978 casus
517 3907 606 3965 aliur.
627 3905 685 3966 His
703 3905 790 3988 Vulg.
810 3905 948 3982 (latioris
962 3951 969 3966 .
984 3951 992 3966 .
1005 3906 1092 3984 Heis)

88 3987 189 4047 Verte.
210 3985 328 4068 Seiopp.
348 4019 388 4032 -
411 3985 584 4046 Adlatr'vum
604 3985 714 4045 Graeci
731 4007 787 4044 non
807 3987 930 4056 hadent,
951 3985 1025 4046 dunc
1045 4000 1092 4044 ta·

87 4089 154 4128 meu
173 4067 201 4126 V
199 4067 307 4128 AllllO
326 4067 471 4126 interdum
490 4078 614 4138 sextum,
633 4067 779 4125 interdum
789 4061 928 4124 Latinum
945 4063 1092 4144 appellat,

755 4159 893 4236 [37*l

303 2638 390 2724 Vulg.
410 2640 510 2700 Verte.
530 2638 648 2720 Seiopp.
664 2671 705 2686 ·-
725 2663 782 2700 uon
801 2641 915 2702 multae
932 2642 964 2700 r'n
983 2651 1095 2704 veteres
