2640 4670
350 299 492 365 LIBER
512 297 739 377 QUINTUS.
1015 301 1074 365 1'11

41 494 68 548 ot
85 477 260 564 Tricessis‚
282 477 494 576 porportione
516 505 623 578 nsque
646 479 690 550 ad
712 477 895 565 Ceutnssis,
917 501 984 576 quo
1005 499 1076 548 ma·

40 584 78 652 ius
96 585 173 655 aeris
195 583 367 680 proprium
388 582 583 656 vocabulum
605 614 674 657 non
697 603 764 672 est;
786 610 865 655 nam
887 582 1020 654 ducenti
1040 582 1079 654 in

41 689 231 784 proportione
255 715 339 786 quae
362 689 529 776 dicuntur,
564 719 633 762 non
655 692 759 786 magis
782 715 874 762 asses
897 713 998 787 quarn
1019 688 1076 760 de·

41 795 105 862 narii
124 794 250 866 aliaeve
272 819 326 864 res
350 794 582 889 significantur.
619 798 716 868 Aeris
739 797 874 866 minima
895 821 972 892 pars
995 793 1075 864 Sex-

41 898 106 978 tola,
127 901 219 997 qnod
241 916 332 970 sexta
354 925 431 995 pars
454 902 583 973 unciae.
629 900 808 973 Semuncia
830 900 920 998 qnod
942 897 1077 969 dimidia

40 1027 98 1097 pars
117 1005 251 1092 nnciae;
275 1002 320 1076 Se
342 1005 430 1076 valet
453 1006 623 1078 dimidium
643 1023 681 1078 nt
701 1007 736 1078 in
753 1005 882 1078 selibra
904 1021 938 1078 et
959 1002 1075 1075 Semo-

69 1306 101 1322 ··
121 1291 153 1337 ut
179 1277 308 1338 tricessis
328 1277 399 1340 Cod.
422 1279 457 1341 Β.
477 1277 565 1364 Vulg.
586 1279 685 1340 Vertr.
705 1277 876 1342 Priscianus.
896 1309 937 1324 -
970 1288 999 1336 et
1018 1275 1077 1336 tri·

67 1357 140 1415 cerer's
158 1356 323 1440 Scioppius.

41 1459 228 1600 proportione?
254 1461 386 1524 Florent.
412 1461 504 1524 Havn.
524 1461 603 1523 Edit.
622 1461 715 1544 princ.
734 1473 839 1524 vetust.
859 1458 949 1520 Rhol.
969 1459 1077 1520 Venet.

69 1537 136 1598 1.11.
156 1539 197 1600 Al
220 1586 228 1601 .
249 1542 313 1604 Bas.
333 1543 398 1603 Por.
419 1541 533 1624 Gryph.
553 1575 595 1588 -
620 1544 843 1618 proportionem
863 1539 939 1601 Cod.
958 1539 1076 1598 Monac.

69 1616 204 1680 Prisciani.
224 1653 264 1666 —
285 1645 306 1680 n
325 1621 417 1682 XXX
431 1623 474 1680 sic
489 1624 684 1698 proportione
704 1620 805 1682 Codex
824 1620 860 1680 B.
879 1652 920 1666 -·
939 1641 960 1678 a
981 1619 1077 1678 tribus

67 1697 103 1755 sie
115 1703 306 1776 proportione
324 1699 412 1784 Vulg.
432 1701 567 1762 Vertran.
590 1700 709 1783 Sciopp.

40 1809 84 1866 quo
101 1793 202 1957 maiuj]
225 1799 308 1874 quod
325 1799 421 1856 maius
439 1797 534 1857 Havn.
627 1823 631 1831 ·

39 1873 168 1952 proprium
215 1875 346 1936 Florcnt
366 1876 535 1936 Priscianus.
555 1909 596 1922 -
612 1877 796 1952 proprimum
815 1873 910 1934 Havn.
929 1903 970 1918 ·—
990 1869 1077 1933 omit-

68 1961 124 2013 tunt
143 1953 219 2016 Cod.
240 1956 266 2014 B
297 1955 374 2015 Edit.
389 1955 486 2092 princ.
506 1967 564 2016 vet.
584 1953 674 2015 Rhol.
694 1955 800 2016 Venet.
820 1954 844 2013 l.
864 1954 902 2012 11.
922 1951 990 2012 Ald.
1011 1952 1077 2011 Bos.

67 2029 121 2091 Per.
141 2033 260 2116 Gryph.
280 2035 368 2118 Vulg.
418 2047 488 2095 ertr.
510 2035 627 2116 Sciopp.

37 2127 205 2210 rotabulum]
236 2133 402 2192 rotabulum
422 2128 496 2191 Cod.
515 2131 630 2194 Monac.
650 2129 796 2191 Prisciani.

38 2202 152 2292 ducenti]
174 2213 324 2270 ducenties
342 2210 522 2294 Augustinus
542 2209 572 2269 in
592 2231 682 2294 marg.
703 2231 738 2270 ex
759 2209 845 2269 libro.

36 2302 59 2342 m
96 2285 284 2385 roportione]
319 2311 377 2350 orn.
399 2289 561 2428 Scioppius.
582 2322 623 2336 -·
656 2304 685 2349 et
705 2291 747 2348 sie
764 2287 957 2364 proportione
977 2305 1077 2348 omnes

85 2367 193 2428 risumi
214 2368 295 2440 iibrr;
314 2370 363 2430 sed
382 2369 414 2431 in
435 2368 480 2431 Co
501 2369 544 2431 ice
563 2381 732 2452 pervetusto
752 2366 934 2428 Monacensi:
961 2365 1080 2426 ducenti

61 2451 252 2522 proporn'one.
292 2449 388 2509 Verba
409 2463 437 2509 et
457 2450 500 2510 ric
518 2469 605 2532 supra
623 2469 755 2525 versum,
780 2447 815 2509 ab
835 2446 889 2507 alie
909 2457 942 2506 ut
961 2444 1078 2507 videtur

63 2545 141 2586 manu
160 2528 268 2611 scripta
287 2526 434 2611 leguntur.

35 2620 268 2706 praedicuntur]
303 2625 433 2686 Florent.
453 2625 546 2687 Havn.
571 2623 673 2686 Codex
692 2625 727 2684 B.
754 2621 834 2683 Edit.
875 2621 948 2680 rinc.
968 2629 1076 2681 vetust.

63 2701 144 2762 soor
164 2703 240 2764 Ven.
262 2707 285 2765 1.
306 2705 343 2764 11.
363 2703 501 2765 Priscian.
521 2737 561 2750 -
593 2727 657 2764 cunr
678 2705 817 2764 dicuntur
876 2700 989 2762 dBas.
1010 2698 1076 2760 Par.

63 2779 173 2862 Gryph.
193 2783 284 2866 Vulg.
303 2785 402 2845 Vertr.
423 2783 542 2866 Sciopp.

32 2856 122 2922 elisere
141 2858 207 2946 res]
242 2865 341 2922 aliene
360 2887 407 2923 res
426 2864 504 2924 Edit.
524 2875 629 2924 vetust.
647 2893 689 2908 -
713 2862 854 2937 aliaeque
873 2883 921 2920 res
939 2855 1077 2918 Priscian.

60 2971 97 2986 -
115 2943 232 3002 alienae
252 2964 394 3020 quaeres
413 2941 493 3004 Flor.
514 2943 609 3005 ΗΜ.
628 2975 669 2990 -
689 2943 773 3002 Fort.
793 2941 970 3015 alienaeque
989 2958 1045 2997 res.

33 3020 117 3080 unciae
155 3024 261 3081 unciae
281 3035 334 3081 est.
354 3022 524 3084 Priscianus.
625 3075 628 3084 ,

30 3097 130 3160 dimidia
173 3103 273 3160 media
294 3100 369 3162 Cod.
390 3103 424 3162 B.
443 3135 484 3148 -·
504 3103 637 3162 dimedio
659 3099 733 3160 Cod.
752 3099 869 3159 Monac.
889 3093 1036 3157 Prisciani.

31 3176 70 3237 Sic
86 3176 179 3258 valet]
207 3179 340 3240 Florent.
359 3181 453 3242 Havn.
474 3180 575 3243 Codex
594 3181 629 3240 Β.
650 3178 728 3240 Edit.
747 3179 840 3260 princ.
860 3187 966 3236 vetust.
986 3173 1077 3235 Rhol.

60 3256 129 3319 Ven.
152 3261 176 3320 Ι.
196 3261 234 3320 11.
255 3257 322 3319 Alo.
342 3261 407 3322 Bas.
426 3293 468 3306 --
488 3261 528 3320 Se
549 3262 626 3319 valet
646 3259 735 3320 Paris.
756 3257 806 3336 (ex
825 3253 960 3332 Bentini‚
979 3267 1014 3315 nt
1033 3253 1079 3316 vi·

61 3337 155 3414 detur,
175 3339 391 3416 emendatione)
413 3338 442 3400 G
498 3339 527 3400 h.
547 3338 636 3422 Vulg.
655 3337 755 3400 Vertr.
770 3335 940 3418 Sciopp-
961 3334 1013 3395 Sic
1029 3358 1077 3395 ru·

59 3418 158 3478 let...
171 3421 318 3480 ‚semodio
334 3419 444 3480 omittit
479 3419 589 3480 riscian.
603 3452 643 3464 -
662 3418 779 3502 Didymi
799 3416 897 3478 locum
917 3413 992 3498 apud
1013 3411 1079 3474 Pri-

58 3498 184 3558 rciannro
203 3509 275 3558 torn.
296 3499 338 3573 11,
357 3520 423 3582 pag.
444 3500 503 3560 396
522 3499 576 3558 Kr.
598 3496 647 3580 qui
668 3497 724 3558 huc
745 3496 890 3578 pertinet,
911 3515 944 3554 ex
966 3492 1078 3556 Codice

59 3575 225 3638 Monacensi
245 3577 471 3639 emendatiorem
489 3577 616 3638 afferam.
636 3580 684 3636 nei
704 3571 819 3657 ξυμιῖιι
839 3571 867 3634 tt
885 3567 913 3632 ιδ
931 3567 1077 3636 εΗσυται

57 3648 145 3734 redegi
165 3651 301 3738 peripteroe
319 3663 359 3734 epi
377 3650 517 3732 exipere-
537 3649 652 3736 rdyrdg
671 3648 821 3731 diriperes
842 3595 984 3750 cirrigeros
1005 3639 1078 3729 timp

60 3727 88 3798 ir
119 3729 249 3817 tienges
273 3731 368 3818 [Cod.
393 3744 608 3796 AIIEHENTEC
633 3729 743 3828 CAPA]
770 3735 822 3790 rei*
847 3725 968 3810 integrao
998 3721 1079 3822 (d'ireae

59 3804 117 3891 yde
142 3805 259 3875 idiotes-e
282 3803 410 3894 ae'rru'em
428 3807 461 3870 ei
481 3803 614 3891 denigret,
647 3803 681 3873 rie
699 3810 779 3868 aurei
797 3809 922 3876 niveum
941 3799 1079 3882 detegunt

59 3881 141 3986 “ej
161 3883 193 3947 ei
213 3886 276 3952 diret
293 3890 541 3965 irnperio-peine)
565 3879 749 3966 nnipreipe
767 3899 861 3959 peren.
892 3887 943 3978 rapi
959 3883 1008 3955 μὶν
1027 3890 1079 3940 ΣΗ

59 3959 91 4022 ¹³⁰⁸
110 3990 201 4040 epm
218 3961 355 4030 dominere
373 3961 408 4029 rie
425 3969 450 4024 ir
467 3969 507 4041 rii
525 3955 694 4039 tepidum,
720 3954 872 4024 tiemone,
897 3973 1079 4022 eorunm·

57 4049 111 4104 nt
133 4041 164 4105 3⁴·
182 4057 356 4108 ΤΕΥΠῠΥΜ
375 4041 408 4104 ri
426 4040 517 4126 epiros
536 4035 587 4102 nei
603 4045 674 4102 ieron
693 4031 779 4116 ipseo
798 4037 905 4120 egitur.
925 4029 963 4096 sd
983 4031 1009 4094 >t
1028 4027 1078 4108 xi-
