2578 4678
366 311 509 385 'Lmen
534 317 706 384 NONUS.
1005 324 1066 386 48⁶

23 514 94 567 nunt
115 497 302 592 dispariles,
323 511 361 566 ut
382 494 485 568 calcei
506 493 680 566 muliebres
703 495 770 568 siut
792 521 834 568 en
856 494 982 579 viriles,
1018 497 1065 570 di-

23 602 113 672 cimus
146 601 190 672 ed
224 601 467 672 similitudinem
500 599 639 692 figurem
675 627 748 670 cum
782 617 891 671 tamen
923 601 1063 674 sciamus
1077 623 1155 696 (ιω)

23 729 250 802 nonnunquam
277 721 310 775 et
338 705 505 774 mulierem
534 705 653 775 habere
684 704 811 778 calceos
834 706 941 776 viriles
966 723 998 776 et
1019 708 1065 778 vi·

20 836 83 880 enm
104 809 281 880 muliebris.
316 805 373 876 Sic
396 807 460 876 dici
482 808 585 878 virum
607 809 818 906 Perpennam
841 827 897 880 ant
918 811 959 881 P.
981 811 1067 884 Lae-

21 939 88 984 nem
116 915 267 988 muliebri
293 911 399 984 forme
430 927 463 982 et
490 929 603 984 contra
625 913 807 999 Parietem,
846 932 883 984 ut
904 916 1065 1001 Abietem,

21 1044 86 1090 esse
114 1019 221 1089 forme
250 1017 406 1100 similem,
445 1043 521 1086 cum
550 1018 688 1089 alterum
716 1018 910 1090 vocabulum
939 1021 1067 1092 dicutur

21 1123 116 1208 virile,
139 1122 286 1192 -elterum
306 1121 483 1207 muliebre,
517 1139 550 1194 et
571 1139 743 1220 utrumque
766 1141 882 1195 ustura
903 1142 1065 1198 neutrum.

20 1225 70 1294 Sic
98 1227 210 1321 itaque
241 1253 282 1297 ee
303 1226 403 1296 virilia
428 1227 583 1313 dicimus,
620 1253 689 1300 nen
713 1253 797 1325 qnae
818 1229 924 1300 virum
945 1229 1066 1325 signifi·

21 1348 102 1415 caut,
131 1331 190 1402 sed
213 1331 331 1427 quibus
353 1333 567 1426 preponimus
590 1333 654 1404 Hic
681 1351 714 1406 et
735 1333 797 1418 Hi,
829 1349 862 1404 et
885 1335 932 1406 sic
952 1333 1066 1406 mulie·

18 1435 98 1521 brie,
120 1435 156 1504 in
179 1437 295 1531 quibus
319 1436 429 1508 dicere
450 1439 617 1533 possimus
640 1439 751 1524 Haec,
773 1454 829 1508 eut
849 1438 935 1508 Hae.

99 1551 156 1618 30.
178 1539 292 1630 Quare
316 1539 395 1610 nibil
418 1559 478 1628 est,
500 1543 591 1639 quod
614 1543 727 1614 dicunt
742 1543 886 1614 Tbeune
909 1560 942 1614 et
954 1542 1067 1614 Diona

16 1811 167 1894 imponunt
198 1827 312 1890 ponunt
331 1810 419 1952 vulp.
440 1813 539 1874 Verte.
560 1813 676 1896 Sciopp.

17 1889 159 1986 dispariles
197 1893 352 1966 de'sperr‘les
371 1893 454 1990 Fur:
473 1927 511 1938 -
532 1895 667 1988 elispares
685 1893 779 1952 llavn.

14 1969 666 2132 iiiiiiiiistimoliiibeiiffdllllii.Ellillil.ppiiilic.v}E
683 2054 775 2113 er'rum
793 2053 962 2112 muliebrer's
980 2049 1069 2136 Vulg.

51 2131 149 2191 Verte.
171 2129 290 2212 Sciopp.
309 2163 351 2175 -
371 2133 462 2190 eitum
481 2132 635 2190 rnuliebres
654 2130 768 2212 reliqui.

13 2224 211 2308 Perpennam]
231 2227 414 2302 Perpernam
432 2225 520 2308 Vulg.
540 2225 640 2286 Vertr.
660 2226 779 2308 Sciopp.

14 2318 61 2366 aut
85 2307 118 2366 Ρ.
144 2303 285 2384 Laenem]
320 2327 374 2366 nos
400 2327 434 2366 ex
455 2303 629 2366 nutrientem.
651 2339 690 2350 -
723 2319 777 2364 eut
794 2307 915 2386 plenam
936 2303 1068 2367 Florenl.

50 2387 145 2448 llsvn.
166 2383 220 2444 Ed.
240 2385 333 2464 princ.
354 2395 459 2444 vetust.
480 2383 568 2443 Rbol.
589 2385 695 2445 Vener.
716 2386 738 2445 l.
760 2387 796 2444 ll.
816 2419 856 2431 -
876 2401 930 2446 aut
949 2385 1069 2446 Percel-

51 2489 122 2526 nam
148 2485 184 2524 ex
211 2464 378 2524 eeuieelura
402 2476 513 2544 sumpte
541 2485 576 2522 ex
602 2465 685 2536 Vlll‚
714 2467 762 2524 ll.
787 2461 855 2523 ΑΜ.
875 2463 960 2525 Busil.
979 2465 1069 2526 Paris.

50 2543 170 2626 Grypb.
190 2575 230 2588 -
250 2558 278 2604 et
299 2543 341 2602 M.
360 2543 486 2603 Laecam
507 2541 580 2604 cod.
601 2543 634 2602 B.
657 2543 743 2626 Vulg.
764 2545 863 2603 Verlr.
884 2544 1003 2626 Sciopp.

12 2637 122 2733 lomus]
135 2641 272 2715 sormam
292 2637 371 2726 Flur.
391 2639 484 2699 Havn.
505 2637 558 2696 Ed.
579 2638 671 2718 princ.
691 2650 750 2731 vel.
770 2637 858 2697 Rbol.
879 2639 953 2698 Ven.
974 2640 996 2698 l.
1018 2638 1054 2698 ll.

12 2731 42 2778 nl
63 2713 208 2798 abietem]
238 2717 318 2777 Flor.
338 2718 393 2778 Ed.
413 2717 530 2799 Vulgel.
550 2717 647 2777 Verte.
671 2717 790 2798 Sciopp.
811 2750 852 2763 -
871 2731 925 2776 aut
944 2719 1070 2778 abietem

48 2798 147 2858 llavn.
166 2828 207 2842 ·—
226 2811 255 2856 et
273 2799 398 2858 abietem
417 2795 562 2858 Rbolnnel.
582 2797 688 2857 Venet.
709 2798 730 2856 l.
751 2798 788 2857 ll.
808 2795 874 2856 ΑΜ.
895 2797 960 2858 Bas.
979 2796 1068 2857 Paris.

49 2875 169 2958 Grypb.
189 2909 230 2922 -
250 2893 282 2936 ut
301 2879 443 2937 obiectum
463 2876 535 2938 cod.
558 2875 592 2936 B.
614 2876 668 2935 Ed.
688 2875 780 2956 princ.
800 2887 859 2936 vet.

8 2973 136 3033 surenam
154 2967 295 3052 similem]
324 2971 404 3031 Flur.
423 2971 517 3030 llevn.
540 2969 612 3030 cod.
635 2971 668 3029 B.
691 2971 768 3030 Edit.
788 2971 878 3052 princ.
901 2982 958 3030 vet
979 2969 1068 3030 llbel.

51 3053 128 3112 Ven.
150 3053 172 3110 l.
193 3053 228 3110 ll.
248 3085 287 3096 —-
312 3055 420 3130 sonna
438 3052 566 3111 se'nu'lem
584 3048 652 3109 Ald.
673 3051 738 3110 Bas.
757 3050 823 3109 Per.
844 3048 958 3134 Grypb.
979 3046 1068 3133 vulg.

47 3131 190 3192 Ventren·
211 3129 329 3212 Sciopp.

7 3247 75 3287 cum
96 3221 239 3322 alterum]
272 3225 359 3319 vulg.
381 3225 479 3285 Verte.
501 3224 619 3306 Sciopp.
639 3256 679 3269 —
712 3247 768 3300 quo
789 3225 918 3283 ultemm
937 3222 1068 3284 Florene

46 3309 148 3366 llam
176 3306 253 3364 Edit.
275 3325 367 3386 princ.
386 3317 491 3366 retust„
511 3337 552 3351 —
586 3326 707 3382 puerum
726 3305 856 3362 alterum
877 3303 951 3363 (luel.
971 3303 1005 3363 B.
1026 3324 1067 3349 -e-

47 3389 139 3463 quod
156 3387 285 3444 alterum
305 3382 393 3443 Rbol.
414 3383 519 3445 Venet.
541 3387 563 3444 l.
584 3384 620 3443 ll.
640 3380 708 3442 ΑΗ.
728 3381 794 3441 Bas.
814 3381 878 3440 Per.
901 3381 1016 3464 Grypb.

4 3477 390 3698 iibfibuiinirii‘biifibilibblg
403 3581 479 3636 puae
498 3571 597 3617 utrum
615 3555 784 3636 signficant
803 3555 882 3616 Flnr.
902 3557 994 3618 Havn.
1014 3555 1069 3615 Ed.

48 3641 147 3720 princ.
168 3649 227 3698 vel.
276 3637 335 3698 bol.
386 3649 461 3698 enet.
483 3639 505 3697 l.
526 3639 563 3697 ll.
765 3639 769 3652 '

2 3732 615 3894 pirco&sfilgfflszfcepgzilwecggh‘llss
628 3845 666 3854 -
686 3811 728 3870 uic
749 3811 887 3872 uruliebri
904 3809 958 3872 Ed,
979 3792 1069 3892 princ.

46 3904 111 3956 vel.
134 3890 225 3952 Rbol.
246 3891 420 3954 Ven.1.ll.

25 3987 172 4068 ursimus]
193 3986 274 4047 Flor.
293 3987 388 4048 Hem.
407 4018 447 4031 -
463 4007 614 4062 possmus
634 3984 732 4046 cereri.
993 4037 998 4046 .

1 4018 86 4132 llaec
105 4080 157 4129 aut
178 4062 249 4150 bae]
269 4065 342 4127 haec
360 4080 390 4126 ee
408 4065 465 4126 lae
485 4063 584 4126 Codex
605 4065 639 4125 B.
661 4063 748 4148 Vulg.
769 4063 866 4124 Verte.
887 4061 1003 4142 Sciopp.
