2722 4676
238 341 278 406 rs
570 335 709 400 monn
735 335 955 414 Quruuus,

240 501 387 589 nendum
415 539 489 586 esse
516 512 617 584 modo
644 513 766 608 putavi.
825 509 924 585 Nunc
954 512 1156 608 singulorum
1177 513 1291 583 verbo-

239 649 311 694 rum
347 620 489 714 origines
527 617 709 713 expediam
748 643 887 714 quorum
922 633 1062 712 quatuor
1099 617 1291 712 explanandi

241 725 370 822 gradus.
394 725 524 794 Primus
548 724 581 791 in
605 749 670 818 quo
695 723 794 792 etiam
816 721 956 818 populus
979 723 1085 792 venit:
1109 723 1180 818 quis
1205 722 1290 792 enim

241 857 309 901 non
339 829 426 898 videt
452 829 539 897 unde
569 826 782 897 Aurifodinae
811 843 844 898 et
872 825 1058 898 Viocuros?
1118 825 1289 896 Secundus

241 961 307 1033 qno
331 934 541 1029 grammatica
565 931 721 1016 escendit,
745 931 879 1028 antiqua
902 957 987 1030 quae
1005 931 1157 1016 ostendit,
1180 956 1291 1027 quem·

239 1219 480 1284 commonendum
534 1218 663 1280 Florent
691 1217 769 1280 Edit
798 1217 892 1300 princ.
929 1229 1035 1282 vetust.
1067 1216 1155 1279 uhot.
1187 1217 1291 1279 Venet.

280 1304 302 1362 Ι.
328 1302 364 1361 ΙΙ.
389 1298 455 1360 Ald.
506 1320 543 1360 tte.
570 1298 635 1359 Par.
661 1297 775 1380 Gryph.
801 1331 842 1346 -
874 1300 1090 1360 admonendum
1115 1299 1209 1357 Havn.
1229 1297 1292 1357 Au-

152 1447 160 1460 ·
279 1379 388 1464 guetini
415 1377 495 1455 libri,
527 1378 645 1459 Sciopp.
670 1409 710 1425 -
736 1381 974 1438 commorandum
999 1376 1097 1438 Codex
1118 1377 1151 1436 B.
1174 1375 1292 1459 vulgat.

280 1494 320 1504 -
338 1460 626 1521 commemorandum,
641 1457 772 1517 Vertran.

240 1537 329 1598 ruodo
359 1533 492 1674 putavi&
510 1535 639 1596 Floreat.
670 1538 762 1598 Huvn.
790 1535 933 1596 Rholaud.
969 1537 1072 1596 Venet
1103 1535 1126 1594 Ι.
1157 1537 1194 1594 ΙΙ.
1225 1531 1293 1593 ΑΙΙ.

274 1615 344 1678 Bas.
371 1615 434 1676 Par.
494 1615 576 1698 ryph.
603 1649 644 1662 —
672 1619 758 1676 modo
779 1617 959 1692 conputari
976 1613 1049 1676 Cod.
1069 1615 1105 1674 B.
1124 1613 1179 1674 Ed.
1199 1614 1293 1695 princ.

279 1706 386 1758 vetust.
405 1694 523 1778 Vulgnt.
544 1695 641 1756 Vertr.
662 1706 693 1754 et
712 1694 817 1754 omisso
837 1694 923 1754 modo
944 1694 1012 1755 Scio
1035 1715 1062 1774 p.
1181 1751 1185 1770 ,

241 1769 406 1857 expediam]
425 1777 590 1850 expendam
608 1773 761 1856 Augustiu.
784 1775 814 1833 in
835 1794 923 1856 marg.
943 1795 979 1834 ex
999 1715 1088 1833 diris.

241 1849 384 1936 quatuor]
400 1867 542 1948 quattuor
553 1853 658 1914 Veoet
671 1854 707 1913 ΙΙ.
721 1853 807 1938 Vulg.
824 1853 911 1934 Sciop
934 1897 943 1928 ‚
963 1853 1003 1914 sic
1017 1852 1078 1913 sere
1091 1851 1207 1932 ubique.

241 1929 431 2070 explanandi}
458 1932 590 1993 Florent.
614 1963 655 1979 -
689 1935 884 2008 exemplandi
906 1875 999 1996 iiam
1024 1965 1065 1980 -
1101 1931 1298 2008 explicanda

281 2011 381 2074 Codex
434 2043 501 2070 .-
520 2012 697 2086 explicandi
713 2011 811 2073 ceteri.
1256 2019 1261 2026 '

240 2086 370 2252 primus]
396 2091 513 2169 infimus
531 2089 624 2149 Horu.

240 2191 272 2230 ru
293 2191 353 2250 quo
391 2191 446 2246 quo
468 2189 540 2229 unus
560 2169 678 2250 Sciopp.

240 2248 325 2312 etiam
341 2243 489 2343 populos]
505 2249 633 2323 populus
652 2249 743 2309 etiam
761 2249 879 2334 Vulgnt.
900 2250 1035 2311 Vertrau.
1058 2247 1175 2329 Sciopp.

240 2348 302 2389 uon
321 2321 418 2408 videt]
439 2349 496 2385 non
516 2347 573 2387 om.
593 2328 670 2388 Edit.
689 2328 781 2409 princ.

239 2400 448 2487 Auriiodinne]
481 2405 611 2470 Florent,
641 2407 695 2468 Ed.
726 2407 817 2488 princ.
843 2420 948 2470 retuso
978 2405 1065 2467 Rhol.
1092 2407 1196 2468 Venet
1215 2405 1237 2464 1.
1257 2407 1296 2465 tt.

280 2485 347 2546 Ald.
373 2485 436 2544 Bas.
463 2483 527 2545 Par.
555 2484 669 2568 Gryph.
694 2487 829 2547 Vertran.
854 2521 895 2534 —
926 2487 1117 2566 oerifodt'nae
1137 2483 1237 2546 Codex
1258 2485 1295 2544 B.

283 2564 398 2648 Vulget.
430 2595 470 2611 -
502 2567 773 2644 undaretosodinae
805 2568 899 2628 Havn.
930 2565 1017 2626 etiam
1042 2562 1174 2624 Turnebi
1201 2563 1297 2624 codex

280 2644 506 2722 aretosodinae,
539 2663 574 2703 ex
602 2665 661 2724 quo
689 2648 888 2724 cretr'fodinae
907 2644 1045 2715 correrit;
1078 2643 1154 2704 idem
1173 2655 1204 2704 et
1223 2643 1298 2704 Sea-

281 2722 355 2807 liger
374 2721 410 2781 nd
429 2723 457 2798 1,
476 2724 496 2782 2
517 2722 552 2784 de
572 2721 617 2783 Re
637 2722 674 2782 R.
694 2737 900 2806 receptumque
919 2745 935 2786 n
955 2723 1104 2804 Scioppio.

240 2801 305 2944 eq:
320 2807 345 2866 F
348 2806 452 2867 lorent.
480 2806 554 2869 cod.
581 2807 614 2867 B.
642 2807 735 2869 Havn.
760 2809 846 2892 Vuig.
874 2811 973 2870 Verte.
1002 2809 1119 2946 Seiofp.
1138 2837 1178 2851 -
1202 2807 1298 2865 etiam

307 2886 356 2946 dit
387 2886 478 2967 princ.
514 2898 618 2947 vetust.
657 2886 745 2950 Rhol.
777 2890 880 2950 venet.
910 2890 931 2948 Ι.
963 2889 998 2948 ΙΙ.
1035 2886 1101 2946 Ad.
1134 2885 1198 2945 Bas·
1228 2884 1298 2946 Par.

240 2987 403 3126 Viociiipus]
430 3042 562 3105 Florent.
584 3043 716 3107 Turnebi
741 3047 805 3108 cod.
839 3047 931 3108 Havn.
953 3047 1088 3106 Vertran.
1114 3042 1234 3125 Seiopp.
1254 3075 1300 3090 -

278 3125 417 3184 unoculus
448 3123 600 3207 Augustin.
638 3125 668 3185 in
694 3147 775 3210 marg
811 3148 845 3187 ex
874 3125 1047 3186 coniectura.
1073 3159 1112 3168 -
1147 3124 1299 3182 viocnrrus

279 3201 369 3264 ceteri
400 3201 466 3262 libri
498 3223 604 3264 omues.
630 3235 671 3251 —-
701 3207 738 3266 cs.
768 3205 896 3267 Turneb.
931 3205 965 3265 ed
999 3203 1092 3264 Cicer.
1123 3201 1164 3262 Le
1187 3222 1214 3284 g.
1244 3203 1299 3278 ΙΙΙ,

278 3283 307 3342 4.
328 3301 391 3362 pag.
414 3281 480 3341 710.
503 3281 552 3342 Cr.
573 3295 604 3342 et
623 3283 697 3344 infra
717 3285 759 3360 V,
784 3288 832 3346 32.
858 3285 908 3344 ubi
933 3285 1039 3344 iterum
1064 3283 1094 3340 in
1116 3221 1208 3341 Codd.
1236 3284 1298 3340 eio-

279 3384 366 3421 curus
395 3356 509 3440 legitur.
560 3361 688 3422 Brisson.
720 3363 769 3424 sel.
797 3365 918 3444 Antiqq.
946 3365 1007 3439 ΙΙΙ,
1034 3363 1080 3422 12.
1131 3360 1300 3421 llenniuius

278 3439 315 3498 ad
334 3438 392 3497 Ber
414 3437 465 3497 ieri
485 3437 590 3498 librum
610 3440 645 3499 de
671 3440 724 3502 viis
748 3443 777 3518 Ι,
802 3447 835 3519 3,
869 3445 914 3504 lo.
949 3455 979 3505 et
1005 3442 1062 3516 IV,
1085 3441 1140 3515 43,
1173 3442 1200 3500 l.
1227 3461 1246 3521 p
1290 3485 1298 3498 .

279 3518 347 3579 781.
380 3457 486 3609 draeo.
516 3517 587 3578 item
617 3517 734 3602 glossar.
766 3523 868 3583 Isidori
900 3543 934 3604 pa
958 3569 963 3581 .
990 3523 1038 3582 34.
1066 3519 1206 3579 Gothofr.
1249 3461 1300 3579 ³iii
1352 3573 1355 3594 ,

281 3595 396 3680 glossar.
424 3595 513 3655 latrno
575 3617 643 3658 aeco
675 3621 739 3683 pag.
773 3603 841 3664 323.
867 3625 894 3662 v.
920 3543 968 3663 25.
995 3599 1045 3660 ubi
1077 3599 1185 3694 legitur
1213 3598 1299 3658 Ieco-

280 3699 331 3734 rus
350 3667 506 3749 ι’πωέμος
554 3675 680 3738 ulcanius
700 3682 838 3764 sagaciter
859 3683 989 3740 vinceres
1007 3677 1141 3739 restituit.

242 3754 390 3817 Secundus
411 3749 487 3848 quo]
515 3755 644 3850 Fdorent
671 3759 764 3820 Havn.
791 3761 864 3820 Cod.
891 3760 925 3818 R.
944 3758 1063 3842 Volgut.
1088 3789 1128 3802 —
1152 3757 1302 3816 secundus
1353 3799 1354 3831 ,

279 3832 856 3992 Ι.Ι”ΙΙΙΙ·ΙΙΙΙ..ῩἭ.Ι.ΙΙ
872 3839 990 3998 too&
1010 3839 1065 3995 dt
1078 3835 1203 3996 dudd
1229 3835 1297 3897 ¹³²⁵·
1352 3977 1353 3992 w

239 3986 384 4071 escendit]
410 3933 525 4074 dciopp.
553 4027 593 4040 -
627 3998 775 4056 descendit
806 3997 872 4056 libri
900 4019 1008 4057 omnes.
1055 3995 1091 4056 cs.
1117 3995 1232 4056 Victor.
1262 3994 1302 4054 ad
1352 4007 1353 4047 t

278 4073 334 4150 ΙΙΙ,
355 4071 393 4131 16
413 4069 449 4132 de
468 4072 513 4132 tte
533 4071 571 4132 R.
610 4073 770 4137 Brookhus.
792 4077 827 4136 ad
846 4077 982 4158 Propert.
1001 4077 1054 4156 ΙΙΙ,
1072 4075 1103 4152 3,
1123 4075 1172 4138 67.
