2722 4676
266 303 307 365 28
599 299 741 363 LIBER
761 299 987 378 QUINTUS.

398 479 549 550 Aetheris
571 489 605 547 et
625 489 733 548 terroe
750 475 928 571 gerritobz'lc
948 497 1105 570 quaerere
1124 485 1262 566 temper.

238 598 257 655 8
357 580 494 655 Caelum
529 583 651 652 dictum
688 583 799 652 scribit
832 597 962 652 AELIUS
998 581 1088 676 quod
1121 595 1171 651 est
1212 578 1323 648 caela-

217 715 222 724 ·
267 703 350 756 tum:
384 703 440 757 ant
462 712 483 756 a
505 687 669 758 contrario
692 687 824 758 nomine
849 686 1024 769 caelatum,
1058 684 1148 781 qnod
1169 699 1324 778 apertum
1359 723 1360 728 κ

269 809 330 862 est.
374 819 443 864 non
473 793 575 879 male,
615 793 705 888 quod
730 792 894 888 posterior
914 789 1017 860 multo
1038 789 1147 884 potins
1170 813 1190 857 a
1213 787 1321 865 coelo,

257 921 366 993 ·qnam
389 897 515 967 caelum
538 923 559 968 a
581 897 756 982 caeland03
780 896 930 967 sednon
953 895 1060 963 minus
1083 893 1161 962 illud
1180 891 1323 960 alterum

268 1000 310 1070 de
334 1001 492 1073 caelando
514 1003 621 1098 potnit
643 1001 724 1086 dici,
754 1001 843 1098 qnod
864 999 1006 1070 interdiu
1028 997 1186 1080 caelatur,
1218 1021 1324 1092 qnam

267 1107 358 1201 qnod
387 1123 488 1176 noctn
516 1133 586 1176 non
615 1105 767 1176 caelatur.
826 1104 976 1174 Omnino
1007 1128 1047 1172 eo
1069 1101 1171 1195 magis
1194 1117 1274 1194 puto
1303 1125 1324 1168 a

268 1209 350 1280 chao
374 1235 491 1280 cerum
513 1226 546 1280 et
566 1210 642 1280 hinc
665 1210 805 1296 caelum,
839 1209 995 1304 qnoniam
1018 1223 1053 1276 nt
1076 1207 1138 1274 dixi
1160 1201 1235 1275 Hoc
1257 1205 1322 1272 cir-

267 1339 340 1384 cum
361 1339 539 1408 supraque,
568 1319 658 1410 quod
675 1316 851 1407 complexu
871 1312 1014 1384 contritot
1033 1322 1168 1389 tarem,
1193 1334 1323 1393 cavum,

268 1417 405 1490 caelum.
455 1420 568 1518 ltaque
591 1421 670 1490 dicit
691 1419 904 1490 Andromeda
927 1417 1031 1488 nocti:

266 1657 383 1802 Aegos]
423 1661 512 1724 Elius
540 1662 665 1747 plurimi.
697 1697 738 1712 -
765 1665 871 1725 Aelius
900 1663 1010 1724 Gallus
1039 1658 1112 1722 Cod.
1141 1657 1176 1718 B.
1200 1655 1322 1740 Vulgat.

332 1762 427 1822 cropp.

268 1855 313 1904 eet
332 1843 484 1926 caelatum]
505 1861 549 1907 est
568 1850 715 1908 coelatum
733 1846 864 1908 Florent.
885 1845 932 1906 elii
952 1869 968 1906 e
986 1841 1115 1925 simplici.

268 1959 318 2008 aut
342 1969 358 2010 a
384 1949 546 2046 contrario]
581 1964 636 2010 aut
662 1953 812 2012 contrarie
839 1950 971 2011 Florent.
997 1950 1090 2010 Havn.
1115 1977 1156 1992 -
1188 1940 1246 2026 leg.
1266 1955 1324 2002 oret

307 2043 456 2089 contrane
476 2053 506 2089 a.

268 2130 385 2191 nomine
406 2130 558 2212 coelatum]
579 2135 728 2194 caelatum
747 2155 805 2194 om.
827 2132 900 2196 cod.
919 2133 954 2192 B.
975 2131 1061 2215 Vulg.
1082 2129 1200 2211 Sciopp.

268 2255 330 2295 non
349 2233 437 2313 mele]
459 2259 527 2294 num
546 2238 626 2296 male
645 2236 758 2319 Gryph.

267 2336 429 2419 posterior]
454 2341 603 2412 posterior
621 2339 725 2400 Aelius
746 2339 845 2401 Codex
865 2340 899 2399 B.
921 2337 1009 2423 Vulg.
1028 2371 1069 2385 -
1097 2334 1243 2413 posternas
1260 2331 1323 2392 At-

309 2417 369 2477 lius
387 2418 523 2477 Vertran.
543 2432 668 2495 —post
688 2443 756 2480 reor
775 2420 913 2502 Scaliger.
933 2451 973 2464 —
994 2421 1049 2501 leg.
1066 2417 1219 2494 posterius.

269 2512 366 2594 potius
392 2534 408 2572 a
434 2510 529 2590 caelo]
560 2515 661 2588 potius
680 2517 799 2576 caelare
818 2539 839 2576 a
859 2518 941 2576 caelo
962 2515 1063 2576 Codex
1082 2513 1116 2573 B.
1137 2513 1222 2596 Vulg.
1243 2513 1324 2574 Ver-

310 2604 383 2652 tren.
402 2624 443 2636 -
463 2596 545 2668 quod
561 2607 697 2667 apertum
716 2609 758 2654 est
780 2609 881 2666 noctu,
901 2598 1039 2666 mallem,
1059 2595 1141 2672 quod
1153 2595 1324 2670 posterius,-

308 2671 403 2730 multe
423 2672 499 2730 enim
515 2673 616 2748 potius
635 2675 754 2733 coelare
772 2697 793 2734 a
813 2676 895 2734 caelo
916 2674 1034 2754 Sciopp.

270 2765 330 2848 Scd
355 2787 414 2826 non
434 2767 529 2828 —de
554 2766 705 2848 caelando]
739 2787 797 2830 om.
819 2768 892 2831 cod.
914 2769 948 2830 B.
967 2801 1008 2814 —
1033 2769 1117 2828 illud
1133 2769 1265 2830 ulterram
1286 2771 1327 2828 de

309 2848 454 2907 caelando
474 2867 532 2908 om.
554 2848 672 2930 Sciopp.

268 2941 368 3024 potnit
392 2941 462 3021 dici]
496 2941 626 3004 Florent.
654 2945 731 3005 Eric
758 2944 849 3027 princ.
868 2955 926 3006 vet.
947 2941 1035 3005 Rbol.
1054 2944 1158 3006 Venet.
1178 2944 1200 3003 1.
1222 2943 1260 3003 11.
1281 2975 1327 2990 —

309 3024 348 3081 ab
368 3044 400 3081 eo
417 3025 517 3098 potuit
536 3026 600 3084 dici
617 3025 715 3086 ceteri.

270 3128 361 3178 noctu
380 3137 442 3178 non
462 3118 600 3200 caelatur]
627 3120 710 3182 Fort.
729 3135 816 3182 noctu
835 3123 982 3182 caelatur.

270 3211 404 3292 omnino]
426 3216 523 3274 omnia
544 3216 637 3276 Havn.

270 3329 306 3370 eo
326 3308 430 3390 magis]
452 3308 581 3372 Florent.
603 3313 697 3372 llavn.
716 3311 795 3370 Edit.
815 3311 907 3394 princ.
926 3325 1030 3374 vetust.
1049 3311 1193 3373 Rholend.
1211 3313 1327 3376 venet.

310 3389 333 3449 l.
355 3390 391 3449 ll.
410 3421 450 3434 —
470 3412 522 3471 ego
542 3393 640 3472 magis
659 3391 749 3450 ceteri
768 3423 808 3436 -
828 3391 898 3453 sort.
917 3415 970 3474 ego
991 3415 1023 3452 eo
1042 3395 1148 3472 magis.

269 3481 385 3561 cavum]
407 3485 510 3556 choum
528 3482 659 3546 Florent.
678 3517 719 3530 -
738 3485 857 3546 cherum
875 3489 1020 3548 ΗΜ-
1039 3511 1135 3548 corum
1147 3488 1240 3548 Turn.
1258 3491 1330 3552 cod.

310 3561 386 3621 unde
410 3562 513 3622 cohum
536 3565 613 3643 conj.
638 3563 756 3625 Cesaub.
782 3565 816 3624 ad
843 3567 965 3628 sueton.
990 3587 1056 3651 pag.
1082 3569 1140 3630 170
1160 3568 1218 3626 W.
1238 3569 1331 3630 Fort,

309 3662 330 3700 a
351 3643 440 3712 chao,
460 3663 575 3719 cavum,
594 3645 697 3704 cohum
717 3659 746 3704 et
764 3646 832 3706 binc
850 3649 970 3707 coelum.

270 3734 437 3816 complexu]
458 3740 601 3814 conplexu
620 3739 697 3800 Edit.
716 3741 807 3823 princ
827 3755 932 3803 retest.
966 3789 968 3794 -

268 3829 469 3912 Andromeda]
491 3834 627 3920 Scaliger.
646 3868 686 3881 -
704 3839 860 3900 Androma
879 3839 1023 3901 Ham—
1041 3837 1256 3900 Andromacha
1280 3863 1332 3902 ce-

308 3911 367 3971 teri
385 3931 494 3975 omnes.
513 3914 551 3975 cf.
572 3915 637 3978 cot.
657 3915 692 3977 ad
712 3915 788 3978 Enn.
808 3941 837 4001 p.
857 3921 926 3980 241.

269 4013 364 4075 nocti:
384 4013 473 4097 quae]
502 4017 596 4082 Ham.
614 4017 773 4106 Angustia.
794 4021 825 4082 in
844 4021 966 4085 Emend
985 4021 1060 4086 Aah.
1081 4021 1190 4086 sotius
1210 4021 1249 4084 ad
1272 4023 1333 4088 Ca-
