2732 4686
608 89 617 132 l

413 295 563 364 -Ltulttt
588 297 758 364 NONUS.
1054 301 1114 364 477

35 478 149 574 apud
176 477 251 550 illos
282 477 349 548 siut
370 475 434 546 alia
457 477 564 562 linita,
602 476 667 546 alia
689 499 774 560 uon;
812 476 860 546 sie
879 491 1017 574 utraque
1041 467 1114 548 esse

37 584 149 679 apud
169 607 244 655 nos.
286 581 450 677 Equidem
473 607 542 651 non
565 581 696 667 dubito,
730 582 809 678 quin
831 582 1116 652 animadverterint

37 691 137 759 item
165 688 200 767 in
228 713 301 758 earu
323 685 594 757 innumerabilem
616 685 863 758 similitudinum
885 713 1058 758 nnmerum
1078 703 1117 757 ut

39 795 158 864 trium
179 781 362 888 temporum
385 792 499 875 verba,
521 807 558 860 ut
579 793 675 861 trium
697 816 922 887 personarum.
971 877 974 886 ι

148 905 203 972 25.
259 895 345 986 Quis
370 897 458 966 euim
479 911 590 991 potest
610 923 680 967 non
703 921 768 965 una
792 896 1058 966 animadvertisse
1080 895 1116 966 in

44 1001 152 1073 omni
181 1001 328 1072 oratione
359 1025 434 1072 esse
456 1017 493 1070 ut
513 1001 699 1096 Legebam,
737 1001 848 1098 Lego,
886 1001 1030 1096 Legum,
1068 1003 1115 1071 sic

41 1108 172 1202 Lego,
194 1105 307 1201 Legis,
329 1105 442 1200 Legit3
466 1133 541 1176 cnm
564 1108 652 1178 haee
669 1107 785 1177 eadem
808 1106 955 1175 dicantur
978 1106 1057 1175 alias
1081 1122 1117 1175 ut
1128 1115 1205 1189 (1⁰7)

44 1211 199 1306 singula,
223 1211 302 1282 alias
324 1227 360 1280 ut
380 1211 474 1306 plura
498 1211 741 1306 significentur?
781 1209 867 1300 Quis
891 1227 943 1282 est
964 1226 1030 1280 taur
1053 1225 1116 1278 tar·

47 1319 123 1388 dus
153 1316 209 1415 qui
243 1313 314 1386 illas
351 1340 482 1412 quoque
515 1343 584 1387 non
619 1317 846 1390 animadvertit
878 1313 1115 1400 similitudines,
1128 1329 1180 1385 13t

49 1604 128 1666 iilos
147 1602 229 1684 suut]
250 1604 339 1688 Sciop
362 1650 369 1666 .
389 1638 430 1652 -
449 1559 523 1668 illos
541 1607 601 1666 rint
621 1604 736 1686 reliqui.

49 1681 215 1824 aliqihqqn]
247 1683 321 1746 Cod.
341 1627 376 1746 l.
396 1685 484 1770 Vulg.
504 1686 639 1748 Vertran.
661 1685 780 1766 Sciopp.
800 1716 840 1730 -
860 1685 928 1745 alia
948 1690 1115 1747 ne'reteres

52 1861 100 1924 sic
123 1856 262 1943 utraque]
296 1860 386 1946 Vulg.
404 1861 542 1923 Vertran.
563 1858 682 1942 Seiopp.
701 1893 741 1906 -
766 1860 809 1920 sic
827 1872 898 1920 utra
918 1857 985 1920 lihri
1004 1870 1116 1922 veteres

101 1960 211 2000 omnes.

52 2031 213 2129 equidem]
234 2036 351 2112 quidem
363 2033 470 2129 ,Codex
489 2035 526 2094 B.

55 2116 135 2198 quio
153 2112 420 2193 animadverterint]
454 2115 494 2175 ita
513 2135 566 2176 nos
586 2135 621 2176 ex
642 2114 816 2175 coniectura.
836 2131 876 2160 -ὲ
907 2117 962 2192 qui
977 2115 1115 2174 animod-

101 2208 214 2256 verrunt
239 2194 319 2254 Flor.
341 2195 433 2255 Havn.
458 2193 536 2256 Edit.
556 2194 648 2277 princ.
667 2205 726 2255 vet.
746 2192 834 2254 Rhol.
853 2193 929 2254 Ven.
950 2193 1027 2254 1.11.
1048 2193 1114 2256 Ald.

101 2273 188 2334 Basil.
207 2273 272 2334 Par.
293 2272 408 2356 Gryph.
427 2305 467 2318 -
487 2277 541 2351 qui
558 2276 830 2335 animadverieruut
851 2271 951 2334 Codex
971 2274 1005 2334 B.
1026 2272 1114 2358 Vulg.

99 2351 201 2415 Vertr.
221 2386 261 2398 —
282 2356 351 2431 quiri
372 2355 615 2414 animadvertent
636 2353 754 2436 Sciopp-

56 2444 315 2545 innumeralqdem]
336 2450 543 2542 numerabilem
561 2449 655 2510 Havn.

57 2525 494 2698 {inilli'iiiiiii'llss
510 2609 739 2670 armilausam
758 2628 858 2670 omnes
877 2607 991 2689 reliqui.

56 2685 167 2845 iiiiii
182 2687 384 2850 lilino,

59 2841 269 2929 personarum]
285 2869 372 2923 perso
391 2847 485 2909 Ham.

463 3001 573 3085 Cap.
619 3003 714 3065 XXV.

60 3149 125 3190 non
144 3123 330 3269 unaqllavn.
344 3161 386 3222 '.''
406 3131 524 3189 nomina
545 3128 624 3190 Flor.
645 3129 722 3191 Edit.
743 3127 835 3211 princ.
855 3141 913 3190 vet.
933 3129 1020 3190 Rhol.
1040 3128 1115 3192 Ven.

103 3210 126 3268 l.
146 3208 182 3268 ll.
233 3208 270 3271 ld.
295 3209 381 3270 Basrl.
401 3209 466 3272 Par.
488 3207 602 3292 Gryph.
622 3241 662 3256 -
682 3233 738 3270 nou
759 3207 832 3270 God.
853 3208 887 3268 B.
907 3208 995 3294 ang.
1016 3209 1115 3271 Vertr.

101 3289 221 3370 Seiopp.

60 3380 174 3468 legam]
195 3406 252 3445 om.
272 3384 366 3446 flavo.

60 3461 149 3603 lng]
169 3466 236 3624 lego
256 3467 321 3545 lego
342 3463 382 3526 sie
401 3463 481 3525 Flor.
845 3542 853 3558 ι
1025 3545 1032 3562 .
1090 3537 1095 3554 ι

61 3545 333 3686 ειοιίξὲονεηῐῖἓέἷι.
352 3544 418 3605 Par.
439 3543 554 3628 Gryph.
574 3543 663 3628 Vulg.
683 3544 784 3604 Vertr.
804 3542 924 3625 Seropp.
943 3577 983 3590 -
1000 3568 1029 3605 sa
1048 3545 1116 3626 lego

61 3717 461 3882 significenturqsigm'ficent
480 3717 580 3780 Codex
599 3719 634 3779 Β.
655 3717 772 3804 Vulgat.
793 3719 893 3814 Vertr3
903 3707 1030 3815 Ιὃοίορρ.

63 3821 127 3881 quis
147 3811 191 3860 est
210 3811 267 3860 tam
320 3797 402 3858 Flor.
422 3798 516 3859 Havn.
536 3831 576 3844 -
606 3800 673 3876 quis
691 3801 768 3859 enain
787 3813 850 3858 tam
870 3797 924 3859 hd.
945 3821 1036 3882 princ.
1056 3810 1115 3862 vet.

103 3913 143 3923 -
164 3881 229 3956 quis
249 3893 293 3941 est
310 3879 387 3938 entur
405 3891 469 3938 tam
488 3877 602 3958 reliqui.

62 3969 281 4056 animadvertit]
305 3975 527 4036 animadvertat
547 3973 666 4057 Sciopp.
686 3995 751 4037 cum
770 3975 924 4059 Angustia
943 3975 975 4035 iu
994 3973 1115 4037 Emend

101 4087 142 4102 -
162 4056 247 4118 Fort.
265 4055 520 4116 am'madeerterr't.
