2628 4672
115 4057 118 4067 '
211 4059 244 4113 et
263 4049 344 4130 luce]
365 4066 399 4112 ut
419 4053 484 4114 loce
503 4051 641 4114 vermo.
661 4051 779 4134 Sciopp.
798 4085 839 4102 ·-
858 4054 942 4116 Fert.
961 4055 1035 4116 luce.

213 295 282 362 m
564 294 705 360 stotttt
736 295 930 360 SEXTUS.

216 473 343 570 Fingo,
364 473 502 568 figuram
522 473 682 569 imponit3
709 499 811 572 quom
833 473 913 544 dicit
932 471 1095 560 Informo,
1116 472 1268 564 formam3

217 578 266 652 sic
290 607 365 650 cum
388 579 466 650 dicit
486 578 605 664 Facio,
638 578 757 650 faciem
778 580 934 675 imponit;
972 603 992 650 a
1015 603 1081 674 qua
1102 577 1189 650 facie
1214 579 1271 647 dir-

218 685 376 770 cernitur,
408 701 446 754 ut
467 684 530 754 dici
552 685 661 780 possit
687 684 776 754 aliud
805 711 877 755 csse
907 684 1153 768 vestimentum,
1186 683 1269 752 aliud

217 815 289 874 νᾶες
329 789 376 858 sic
403 789 480 859 item
510 815 594 886 quac
624 791 706 858 fiunt
727 790 817 884 apud
839 790 969 873 fabros,
1008 790 1158 872 fictores,
1198 788 1271 858 item

218 893 300 964 alios
324 893 398 964 alia.
459 892 527 984 Qui
552 893 630 990 quid
652 894 859 964 administrat
881 895 999 990 quoius
1022 919 1106 989 opos
1129 919 1201 964 non
1225 921 1271 962 ex·

217 1017 281 1083 tat,
305 998 398 1095 quod
419 1000 478 1070 sub
502 1024 636 1070 sensnm
657 997 784 1083 veniat,
812 1001 854 1069 ab
877 1000 1000 1094 agitstu
1022 1015 1058 1068 ot
1081 997 1146 1068 dixi
1169 997 1269 1090 magis

217 1129 333 1200 agere,
370 1129 468 1199 quam
489 1104 598 1174 facere
620 1119 768 1198 putator3
802 1105 862 1174 sed
885 1103 976 1201 qood
997 1102 1047 1172 his
1070 1102 1178 1196 magis
1201 1127 1269 1197 pro·

213 1211 341 1278 misene
349 1261 359 1293 ‚
390 1233 490 1304 quam
513 1209 685 1304 diligenter
708 1211 911 1281 consuetudo
936 1225 987 1280 est
1007 1233 1083 1292 usa,
1113 1207 1269 1277 transimi-

217 1314 276 1384 ciis
299 1313 420 1382 utimur
440 1314 566 1384 verbis:
593 1339 672 1384 nam
695 1313 805 1408 etqui
827 1312 934 1396 Dicit,
956 1311 1080 1384 Facere
1102 1313 1208 1384 verba
1228 1312 1269 1380 di·

217 1417 339 1503 cimus,
363 1435 396 1488 et
417 1417 472 1514 qui
495 1416 615 1514 aliquid
637 1419 734 1513 Agit,
757 1444 827 1488 non
848 1443 923 1488 esse
945 1417 1161 1487 lniicirntcm.
1208 1415 1268 1506 Qui
1305 1443 1306 1486 t

215 1522 348 1594 adlucet
378 1521 494 1593 dicitur
521 1523 650 1594 Lucere
680 1523 722 1594 ab
749 1523 857 1610 lucrc3
895 1539 928 1594 et
955 1521 1028 1594 lucc
1052 1520 1271 1594 dissolvuntur
1305 1499 1306 1570 i

218 1851 308 1914 quom
329 1828 399 1892 dicit
417 1829 561 1911 informo]
582 1831 676 1892 Havn.
694 1863 737 1877 -
756 1853 820 1892 cum
841 1831 916 1890 dicit
935 1832 1062 1910 informo
1083 1829 1188 1892 ceteri.
1305 1809 1306 1860 i

216 1933 282 1971 cum
303 1909 372 1972 dicit
393 1907 483 1994 socio]
505 1935 568 1970 cum
588 1912 737 1988 dicfact'o
757 1909 836 1970 Edit.
862 1911 955 1991 princ.
981 1920 1038 1971 vet

216 1990 286 2050 item
306 1989 376 2050 alios
396 1989 463 2069 alia]
498 1990 629 2052 Florent
649 1991 742 2050 Havn.
762 1989 906 2050 Rhotand.
926 1991 1000 2051 Ven.
1020 1990 1042 2048 1.
1062 1990 1098 2048 11.
1119 1987 1191 2050 Md.
1210 1989 1268 2048 Bas.

256 2069 322 2130 Par.
343 2067 458 2151 Gryph.
479 2069 598 2152 Sciopp.
618 2101 659 2116 -
691 2071 762 2128 item
781 2071 872 2128 olicis
890 2071 958 2129 αἱία
977 2067 1032 2128 E'd.
1052 2069 1149 2150 princ.
1169 2079 1269 2130 verost

257 2181 297 2194 -
318 2150 387 2209 item
407 2153 492 2227 apud
510 2153 590 2210 alios
609 2151 677 2210 olio
698 2146 772 2209 cod.
787 2148 823 2208 B.
843 2148 960 2233 vulgat.
980 2148 1116 2208 Vertran.
1305 2155 1306 2190 t

217 2251 268 2332 qui
294 2251 362 2332 quid
388 2249 581 2334 administrat]
614 2251 732 2392 Voiftt.
757 2253 892 2313 Vertran.
916 2251 1033 2334 Sciopp.
1058 2285 1100 2298 -
1133 2253 1272 2330 quiequid
1305 2233 1306 2248 ἵ

256 2332 450 2390 administrat
468 2331 600 2392 Florent.
621 2332 666 2393 Co
688 2379 694 2391 .
716 2333 750 2391 B.
771 2331 850 2391 Edit.
869 2331 961 2413 princ.
981 2342 1085 2392 vetust.
1104 2331 1197 2392 Rhot
1217 2333 1271 2390 Vr-

255 2411 358 2550 ffinl
381 2412 417 2471 ll.
437 2408 505 2471 Μὰ.
525 2411 588 2473 Bas.
609 2412 674 2474 Par.
696 2409 813 2495 Gryph.
831 2445 871 2456 --
897 2413 1041 2492 quicquid
1057 2413 1271 2472 adminstrare
1305 2535 1306 2574 1

216 2579 338 2666 quoius]
358 2586 452 2646 Havn.
470 2618 512 2633 -
531 2587 612 2646 cuius
631 2587 730 2648 ceteri.
1233 2665 1245 2678 .

215 2663 269 2727 sub
289 2685 375 2726 sensu
393 2663 504 2745 veniat]
535 2664 667 2727 florent
689 2667 761 2730 Cod.
783 2666 818 2726 B.
837 2665 892 2728 Ed.
912 2665 1003 2748 princ.
1024 2678 1082 2728 vet.
1102 2665 1195 2728 Rhol.
1214 2665 1271 2726 tc·

255 2756 316 2806 net.
344 2746 366 2804 l.
394 2746 431 2805 lt.
455 2779 495 2792 -
528 2749 580 2806 sub
604 2771 717 2808 semum
745 2749 841 2808 vem'at
863 2747 956 2808 Havn.
981 2743 1049 2806 Ald.
1073 2746 1162 2809 Basit.
1186 2745 1271 2806 Paris.

256 2822 371 2907 Gryph.
390 2825 477 2908 Vuig.
497 2825 597 2888 Vertr.
617 2825 736 2908 Sciopp.

214 2933 250 2980 ut
268 2917 344 3002 dixi]
366 2923 437 2982 deiri
454 2921 527 2983 Cod.
548 2922 583 2982 B.

214 3000 260 3060 his
279 2997 386 3097 magis]
408 3002 471 3062 heis
489 3002 587 3082 magis
606 3001 664 3063 vot
686 3013 723 3062 at.
743 3033 784 3048 —
804 3001 880 3064 he’eir
898 3003 997 3086 magis
1017 3001 1092 3063 Cod.
1111 3001 1149 3064 B.

213 3078 407 3159 translatttits]
427 3083 628 3142 translatitiis
674 3081 746 3142 oder
766 3083 800 3142 B.

213 3156 329 3241 verbis]
352 3162 457 3220 verbeis
476 3159 533 3220 Vut
556 3172 595 3221 at.

212 3259 279 3298 nam
300 3250 331 3299 et
351 3239 400 3320 qui
420 3238 503 3319 dicit]
536 3181 669 3302 iterent
690 3241 783 3301 Havn.
804 3240 923 3381 SciopX.
943 3274 984 3287 —
1016 3265 1087 3300 nam
1106 3255 1137 3300 et
1157 3243 1277 3318 quidem

253 3317 344 3380 ceteri
369 3338 468 3380 omncs
492 3319 554 3380 sine
579 3341 679 3396 sensu,
712 3340 888 3402 quarentes
909 3341 1072 3382 osumesse
1093 3320 1195 3382 locum
1217 3325 1277 3380 Ao-

252 3397 359 3481 gustio.
380 3397 410 3458 io
430 3399 579 3460 Emendat.
599 3399 676 3461 dicit

212 3490 319 3574 aliquid
341 3493 401 3577 agit
420 3492 496 3573 non]
517 3497 642 3573 alr'quid
659 3509 744 3575 neget
765 3495 904 3580 Scaliger.

211 3569 407 3656 inficientem]
428 3575 603 3654 insilientem
622 3574 741 3658 vulgat.

212 3651 321 3714 dicitur
342 3651 439 3714 locere
459 3651 494 3714 ab
516 3649 614 3736 lucre]
634 3654 766 3716 Floreat
786 3654 841 3715 Ed.
882 3655 954 3716 rinc.
974 3665 1032 3716 vet.
1054 3653 1147 3716 lttot.
1167 3656 1280 3716 Venet

253 3733 276 3792 l.
298 3733 334 3792 ll.
348 3765 388 3778 -
410 3734 520 3793 dicitur
540 3735 637 3794 lucere
656 3736 793 3794 adlucere
811 3677 887 3796 cod.
908 3736 941 3794 Β.
956 3768 996 3781 -
1010 3737 1134 3794 dt'citur
1154 3738 1281 3795 abluere

252 3811 320 3872 Md.
341 3812 426 3872 Basit.
449 3812 537 3873 Paris.
558 3812 673 3896 Gryph.
692 3845 732 3860 -
768 3816 881 3874 dicitur
900 3817 997 3876 lucere
1016 3817 1054 3874 ab
1076 3817 1160 3874 luere
1181 3815 1281 3874 Horo.

252 3890 367 3954 Victor.
388 3891 505 3976 vulgat.
525 3925 566 3938 -
587 3894 699 3954 dicitur
717 3897 814 3954 lucere
833 3895 871 3954 ab
891 3897 937 3954 ad
954 3908 983 3953 et
1001 3894 1099 3953 lucere
1117 3914 1155 3954 ex
1177 3895 1282 3954 conie-
1305 3923 1306 3954 t

251 3982 334 4032 ctura
355 3971 453 4032 Vertr.
474 3983 505 4032 et
525 3971 645 4054 Sciopp.
665 4005 706 4017 -
736 3971 771 4034 cf.
792 3972 906 4035 Victor.
927 3973 996 4034 Ver.
1016 3973 1099 4034 Lect.
1122 3973 1212 4052 Xttl,
1233 3977 1283 4034 tt.
