2722 4676
187 317 227 380 ld
519 309 659 372 LIBER
684 307 909 385 QUINTUS.

158 494 249 576 tted
278 489 390 564 exilius
419 487 461 558 de
490 486 692 584 posteriore3
730 511 814 584 quoe
842 487 919 558 ideo
941 500 1020 558 sunt
1041 484 1240 570 obscuriora,

189 597 280 696 quod
300 619 407 693 neque
431 592 536 664 omnis
559 593 728 688 impositio
749 591 924 664 verborum
947 609 1048 678 extat,
1076 589 1240 690 quodve·

187 719 291 774 tostos
325 697 487 798 quosdam
521 696 655 768 delevit:
690 725 752 770 uec
788 723 872 796 quae
907 714 993 770 extat
1026 696 1097 767 siue
1119 694 1240 764 mendo

189 807 296 880 omnis
325 803 493 900 imposito:
531 829 594 873 nec
623 829 707 900 quae
729 819 819 874 recte
842 819 893 874 est
913 801 1083 898 imposita,
1122 815 1240 872 cuncto

187 928 316 997 manet3
338 908 441 980 multa
462 909 549 978 euim
571 909 672 979 verba
692 908 795 979 literis
817 907 1022 979 commutatis
1046 923 1123 978 sunt
1142 906 1241 976 inter·

188 1017 311 1114 polotri,
332 1040 440 1110 neque
464 1013 572 1084 omnis
596 1015 687 1108 origo
711 1030 762 1084 est
783 1030 914 1085 nostroe
937 1013 1067 1108 linguae
1091 1035 1240 1083 everna-

134 1155 177 1228 (ὅ)
190 1122 272 1194 culis
294 1119 411 1204 verbis,
434 1135 467 1188 et
487 1115 589 1186 ru'ulta
610 1120 709 1189 verba
731 1118 821 1188 aliud
838 1145 925 1190 nunc
942 1119 1130 1204 ostendunt,
1152 1117 1241 1189 aliud

189 1243 265 1297 ante
287 1225 529 1318 significabant,
557 1241 594 1294 ut
615 1223 748 1309 Hostis;
776 1250 853 1294 uam
876 1242 944 1294 tum
968 1251 1008 1295 eo
1031 1225 1131 1295 verbo
1155 1225 1241 1295 dice·

189 1331 271 1402 baut
290 1331 498 1426 peregrinum
521 1331 577 1427 qui
600 1330 667 1398 suis
690 1329 815 1423 legibus
837 1345 996 1401 uteretur:
1017 1355 1105 1399 nunc
1127 1331 1242 1400 dicunt

191 1463 283 1520 euru,
318 1459 416 1530 quem
437 1449 505 1502 tum
529 1435 680 1504 dicebant
699 1433 920 1538 Perduellem.
970 1435 1009 1503 ln
1031 1460 1097 1531 quo
1120 1459 1240 1530 genere

191 1543 367 1613 verborum
403 1554 460 1608 aut
492 1564 569 1609 casu
597 1540 658 1610 erit
684 1539 854 1626 illustrius,
892 1539 981 1610 unde
1008 1538 1110 1610 videri
1135 1541 1242 1636 possit

191 1646 301 1740 origo,
332 1643 410 1713 iude
431 1660 587 1740 repetam.
631 1645 680 1714 lta
702 1644 771 1714 lieri
794 1661 945 1741 oportere
968 1661 1118 1743 apparet,
1151 1648 1242 1748 quod

191 1907 310 1996 exilius]
330 1936 371 1974 ex
389 1911 476 1975 illius
494 1911 588 1973 ΗΜ.
607 1941 648 1956 -
667 1935 707 1973 ex
725 1913 792 1974 iltis
809 1911 888 1974 Edit
907 1911 1000 1994 princ.

191 2007 358 2070 obscuriora
407 2009 538 2070 Floreat
557 2007 649 2068 ΗΜ.
675 2007 820 2070 eroland.
847 2008 952 2070 Vener.
977 2011 998 2069 l.
1023 2009 1060 2069 11.
1085 2007 1153 2071 Ald.
1176 2009 1242 2072 Bar.

230 2089 295 2148 Par.
326 2087 372 2147 Gr
412 2088 441 2149 h.
477 2089 613 2148 Vertrau.
638 2121 679 2134 -
713 2091 835 2148 obscura
860 2087 962 2152 Codex
987 2089 1021 2150 B.
1047 2089 1126 2150 Edit.
1150 2091 1243 2172 princ.

230 2179 336 2230 vetust.
385 2168 443 2252 ulg.
463 2167 582 2249 Sciopp.
602 2167 639 2228 cl.
656 2191 686 2229 v.
706 2166 726 2228 l.
746 2168 787 2244 V,
807 2169 856 2230 36.

191 2261 288 2347 extat]
309 2278 409 2324 exstat
429 2264 549 2346 Bipont.
569 2264 608 2324 sic
627 2285 749 2347 semper.

191 2356 343 2442 quasdem]
377 2364 520 2454 quosdam
544 2360 649 2422 Venet.
676 2363 699 2422 l
724 2363 760 2423 11.
785 2394 826 2409 ·-
862 2365 1010 2442 quaedam
1033 2361 1187 2448 Augustiu.
1211 2361 1244 2422 in

231 2460 321 2524 marg.
342 2461 379 2501 ex
400 2461 475 2521 coo).

191 2535 253 2598 siue
278 2535 384 2596 mendo
410 2532 521 2676 omnip]
553 2538 617 2597 sine
643 2539 729 2598 modo
755 2539 848 2600 omnr’s
866 2537 946 2599 Edit.
966 2538 1059 2620 prino
1077 2549 1184 2602 retest.
1203 2571 1245 2585 -

232 2615 325 2676 omm's
342 2617 406 2676 sine
423 2639 487 2676 men
508 2640 530 2676 a
550 2614 650 2678 Codex
669 2618 704 2677 B.

191 2705 343 2792 imposita]
363 2712 465 2788 posita
483 2712 576 2774 ΗΜ.

192 2817 296 2867 cuncto
319 2804 434 2888 manet]
464 2822 568 2867 cuncta
591 2823 710 2870 monent
735 2809 812 2874 Edit.
839 2809 931 2894 princ.
955 2822 1062 2874 vetust.
1088 2843 1129 2858 -
1160 2824 1245 2872 certa

231 2901 331 2947 manet
349 2884 505 2970 Augustis.
524 2887 555 2946 iu
575 2910 664 2971 marg.
684 2911 719 2950 er
740 2892 864 2970 conject-

192 2978 315 3065 litteris]
348 2983 447 3043 lteris
471 2982 602 3045 florent.
628 2983 704 3046 Cod.
728 2983 763 3046 B.
787 2985 854 3046 Ald.
881 2987 944 3048 Bas.
970 2987 1036 3047 Par.
1062 2984 1178 3068 Gryph.
1203 3017 1246 3032 -

230 3063 359 3123 littoreo
377 3061 494 3146 vulget,

193 3155 393 3240 commutatis]
414 3162 559 3220 conu'tatr‘r
577 3161 671 3224 ΗΜ.
690 3195 731 3208 ·-
751 3164 953 3223 comnmtater's
971 3162 1088 3247 Vulgat

192 3253 253 3314 inte
290 3249 384 3335 olata]
420 3254 551 3317 Floreut.
576 3259 670 3317 ΗΜ.
695 3256 784 3342 Vulg.
811 3259 910 3319 Vertr.
938 3257 1057 3396 Seiopp5
1080 3289 1121 3304 -
1153 3259 1245 3319 inter-

227 3355 267 3410 pe
281 3336 350 3393 lata
375 3332 475 3394 Codex
499 3335 533 3395 B.
565 3337 643 3398 Edit
666 3339 760 3421 princ.
785 3349 889 3400 retest
914 3337 1004 3399 Rhol.
1058 3349 1132 3400 euet
1158 3340 1181 3399 1.
1208 3339 1246 3399 ll.

230 3411 297 3472 Ald.
321 3411 385 3474 Bes.
404 3413 470 3474 Par.
490 3413 605 3498 Gryph.

190 3507 350 3569 vernaculis
368 3507 483 3594 verbis]
503 3514 681 3574 vernaculeis
699 3513 806 3575 retber's
824 3511 943 3596 Vulgot.
965 3524 996 3574 et
1014 3513 1090 3573 iul'ru
1106 3513 1192 3572 sueri.

191 3623 268 3662 nunc
288 3603 405 3690 dicunt]
425 3626 617 3672 runcantem
636 3609 704 3672 Ald.
725 3610 788 3670 Bas.
808 3610 873 3670 Par.
894 3608 1010 3693 Gryph.

190 3704 347 3769 verborum
366 3724 417 3771 aut
441 3709 524 3797 casu]
550 3713 683 3776 Florent.
708 3713 807 3774 Codex
828 3713 862 3774 B.
891 3714 985 3774 ΗΜ.
1011 3713 1156 3774 Rholaud.
1175 3708 1246 3772 Atd.

230 3787 293 3849 Bas.
319 3821 359 3836 -
394 3795 540 3853 verborum
565 3808 619 3854 tua
646 3818 735 3854 causa
761 3793 840 3852 Edit.
865 3793 957 3875 princ.
984 3806 1088 3856 retest.
1112 3826 1154 3839 -
1184 3815 1248 3852 rer-

229 3871 331 3928 borum
356 3883 388 3928 ut
415 3895 484 3931 casu
517 3874 622 3934 Venet.
655 3873 678 3932 l.
703 3873 740 3933 ll.
764 3871 853 3934 Paris.
881 3872 998 3956 Gryph.
1025 3874 1143 3958 Vulgat.
1169 3873 1248 3934 Ver-

230 3959 304 4008 tran.
323 3981 364 3994 -
384 3953 497 4010 verbum
517 3975 573 4029 quo
593 3975 663 4012 casu
683 3953 802 4035 Sciopp.

189 4047 229 4111 itu
247 4049 311 4112 fieri
331 4064 470 4133 oportere
488 4051 625 4136 apparet]
646 4075 703 4117 our.
724 4056 843 4140 Sciopp.
