2640 4670
353 249 742 354 nrunnournrus.
1018 251 1077 316 ror

36 425 109 524 quod
131 424 282 496 additum
305 449 326 496 a
349 425 460 499 Tullio
483 427 589 524 Rege.
619 425 723 520 Quod
744 425 914 524 Syracusis
935 421 992 500 ubl
1015 429 1076 521 [si-

37 533 101 623 mili]
126 532 170 600 de
194 554 295 600 causa
318 531 560 618 custodiuntur,
588 549 746 604 vocantur
766 531 955 617 Latomiae,
979 533 1075 604 etde

35 636 194 706 Lautumia
225 634 430 721 translatum,
468 639 558 734 quod
580 638 632 708 hic
656 663 787 732 quoqne
809 637 844 706 in
868 663 908 707 eo
930 635 1005 707 loco
1028 636 1074 706 la·

37 743 182 838 pidieinae
203 739 345 810 fuerunt.
388 742 427 812 ln
450 768 491 812 eo
513 741 692 812 Lauretum
715 744 756 812 ab
781 768 820 812 eo
844 741 934 838 quod
955 739 1001 812 ibi
1022 766 1074 812 oe·

36 846 128 940 pullus
159 861 209 916 est
231 844 351 915 Tatius
374 845 462 934 Rex,
502 846 557 943 qui
580 847 621 916 ab
644 845 863 917 Laurentibus
886 846 1073 916 interfectus

37 967 82 1020 est
130 950 184 1022 Ab
213 949 294 1020 silva
319 949 430 1022 laurea
454 953 544 1048 quod
567 976 608 1022 ea
628 953 674 1022 ibi
697 952 805 1022 excisa
828 968 861 1021 et
881 951 1073 1022 aedificatus

36 1055 128 1144 ricus,
164 1073 202 1127 ut
228 1055 313 1126 inter
339 1081 467 1128 sacram
488 1055 574 1127 viam
596 1071 629 1126 et
648 1055 822 1130 macellum
844 1055 967 1128 editmn
990 1054 1076 1128 Cor-

38 1313 136 1396 Tollio]
172 1315 260 1378 Tullo
280 1314 381 1379 Codex
401 1317 436 1378 B.
456 1351 498 1366 -
512 1317 600 1398 sulio
620 1317 698 1380 Edit.
718 1318 809 1402 prino
830 1351 870 1364 -
895 1315 974 1380 lulio
992 1315 1072 1379 Edit.

66 1409 164 1458 vetum
182 1395 272 1458 Rbol.

38 1489 106 1572 rege]
125 1514 193 1574 rege
210 1506 240 1554 el
261 1493 418 1554 Latomiae
438 1490 557 1575 Sciopp.

39 1583 184 1670 Syracusio]
210 1587 383 1669 Syracu-reis
402 1585 519 1670 Vulgal.
538 1588 738 1648 -siracusis
756 1585 833 1649 Edit.
852 1586 944 1669 princ.
965 1599 1070 1650 vetust.

39 1681 120 1762 similss
153 1683 253 1744 Codex
273 1684 308 1742 B.
327 1681 416 1766 Vulg.
437 1682 533 1743 Vertr.
557 1682 674 1823 ScioAEf.
693 1716 735 1778 -·
752 1684 811 1760 ¹lrac
830 1682 897 1745 Ald.
919 1685 983 1744 Bas.
1003 1685 1070 1744 Par.

68 1759 172 1845 Gryulr.
191 1796 232 1810 -
251 1783 308 1823 om.
328 1761 459 1822 Floreat
478 1761 572 1823 Havn.
592 1761 617 1821 L

68 1841 134 1902 len.
152 1843 175 1902 1.
195 1843 233 1903 ll.
476 1847 479 1854 '

40 1933 165 2018 latomiae]
185 1940 319 2000 mamae
336 1935 442 1998 Venet.
463 1937 487 1998 1.
508 1937 535 1998 11

40 2045 63 2092 a
77 2032 121 2113 de]
140 2047 192 2093 aue
213 2036 251 2095 de
270 2033 389 2116 Sciopp.
408 2065 450 2078 -
468 2033 577 2093 exrizde
596 2031 750 2094 Turnebus
770 2029 888 2114 optime.

39 2124 168 2210 lautomia]
202 2129 333 2190 Florent.
360 2128 478 2210 Sciopp.
501 2159 544 2174 —
576 2129 742 2188 lautumiae
760 2126 915 2190 Turnebus
934 2149 969 2188 ex
989 2126 1070 2190 libris

69 2209 152 2270 altae
170 2242 211 2256 -
229 2209 375 2269 lautomia
394 2206 481 2268 Rhol.
501 2240 543 2253 —
562 2209 690 2268 latomia
710 2207 809 2268 celui.

40 2301 88 2383 hic]
105 2305 164 2366 ieie
181 2303 270 2388 ang.

41 2397 109 2461 ineo
126 2395 209 2483 loeo]
230 2420 288 2460 om.
310 2396 410 2461 Codex
424 2396 459 2458 B.
478 2397 567 2484 Vulg.
587 2399 722 2460 Vertran.
744 2395 864 2480 Seiopp.

40 2491 200 2578 lapiditinae]
225 2496 391 2572 lapicidiac
409 2495 488 2556 Edit.
507 2493 600 2578 princ.
619 2506 678 2556 vet.
698 2495 804 2556 Venet.
824 2495 847 2554 1.
867 2495 905 2554 11.
985 2519 987 2525 ’

40 2589 151 2671 [ruunt]
163 2596 255 2670 suere
274 2590 350 2652 Cod.
370 2591 405 2650 B.

40 2684 125 2828 ineo}
145 2688 277 2750 florent.
297 2687 390 2746 narn.
408 2684 486 2745 Edie
512 2685 605 2766 princ.
629 2695 733 2746 vetost.
753 2681 842 2744 Rhol.
862 2685 966 2747 Venet.
987 2688 1010 2746 1.
1031 2687 1069 2746 11.

70 2765 100 2825 ll
143 2767 206 2828 Bas.
233 2766 322 2828 Pario.
343 2763 457 2846 Gryplr.
481 2797 522 2810 —-
555 2767 625 2825 iude
643 2764 718 2826 Cod.
738 2763 773 2823 B.
795 2762 911 2846 vulgar.
931 2767 1067 2827 Vertran.

71 2845 146 2929 So'op
167 2891 176 2907 .
199 2881 240 2892 --
273 2847 357 2906 Fort.
383 2845 465 2922 quod
487 2843 536 2904 hic
561 2867 674 2922 quoque
692 2845 877 2921 lapidicinae
887 2847 1016 2923 fuerunt
1036 2846 1069 2904 in

648 1775 670 1823 u
689 1784 782 1846 punc.
799 1774 903 1825 vetum
922 1762 1068 1824 Rholand.

71 2947 103 2985 eo.
218 2941 306 2987 etum.

40 3016 173 3102 lauremm]
208 3021 339 3081 Florent.
360 3017 476 3103 Vulgat.
495 3018 631 3079 Vertran.
650 3051 691 3064 -
709 3020 748 3079 ab
768 3020 917 3079 lauretum
937 3015 1012 3080 Cod.
1031 3018 1067 3078 B.

70 3133 101 3146 —
117 3105 281 3162 laurentum
299 3098 388 3160 ceteri
408 3121 472 3160 cum
491 3099 585 3160 Havn.

40 3193 69 3252 ab
84 3217 112 3257 eo
131 3197 207 3278 quod
226 3193 282 3274 ihr]
310 3198 362 3256 ubi
378 3193 497 3276 Popma.
516 3228 556 3242 -
576 3195 615 3254 ab
634 3215 723 3271 eoque
741 3195 787 3254 ibi
803 3191 896 3254 Horu.

41 3289 137 3390 Tatius]
168 3292 249 3386 Flor.
269 3291 364 3385 Horu.
383 3292 489 3352 Venet.
508 3291 531 3352 1.
552 3290 588 3351 11.
609 3287 677 3350 Ald.
696 3289 762 3348 Bas.
781 3286 870 3384 Paris.
891 3285 1006 3370 Gryplr.
1025 3321 1066 3335 -

76 3371 164 3432 lacius
182 3371 262 3430 Edu.
283 3391 376 3450 princ.
396 3383 501 3432 vetust.
521 3367 669 3430 111101-
692 3369 725 3429 Τ.
749 3367 855 3428 Tactus
875 3366 950 3429 cod.
971 3367 1006 3428 B.
1026 3401 1066 3415 -

77 3450 101 3510 l.
120 3453 220 3512 Talium
239 3449 327 3534 Vulg.
347 3450 446 3511 Vertr.
467 3450 584 3532 Seiopp.

42 3543 83 3619 qui
96 3544 140 3626 ab]
159 3547 290 3608 Florent.
310 3546 404 3606 Havn.
424 3578 466 3591 -
485 3548 557 3624 quia
577 3567 597 3604 a
617 3543 693 3604 Pius.
713 3575 753 3588 -
773 3543 827 3618 qui
844 3567 864 3602 a
885 3543 983 3605 ceteri.

41 3621 72 3679 ab
87 3623 161 3709 silva]
180 3641 233 3686 aut
254 3629 293 3686 ab
312 3627 389 3686 silva
410 3627 528 3708 Sciopp.
548 3659 589 3672 -
607 3625 632 3684 F
633 3635 691 3686 ort.
711 3623 814 3684 desunt
828 3623 963 3703 quaedem
979 3622 1066 3684 verba

75 3713 102 3761 rt
117 3708 171 3766 uisi
182 3706 285 3782 potius
302 3717 353 3765 aut
372 3704 481 3767 similia
938 3717 947 3725 '

40 3795 117 3878 imur]
133 3803 208 3861 intra
226 3801 322 3862 Ham.

38 3891 182 3980 mullum]
202 3901 330 3960 ocellum
349 3895 441 3957 Havn.

40 3986 143 4072 bellium]
162 3997 294 4056 aedilum
314 3989 386 4056 Cod
407 3992 443 4052 B.
