2628 4672
247 297 308 362 stt
592 291 735 356 LIBER
764 291 959 356 SEXTUS.

249 469 382 556 adesset
409 493 569 542 accensus
599 487 632 542 et
659 469 739 540 nihil
766 471 921 542 intererat
943 470 1021 565 quoi
1043 469 1225 564 imperarete
1254 481 1279 534 et

249 575 329 645 dicis
355 597 456 644 causa
477 574 598 644 dehent
621 574 799 670 quaedam,
829 601 936 670 neque
958 574 1036 644 item
1058 571 1159 656 sacta,
1191 597 1280 666 neque

248 679 327 750 item
357 677 441 748 dicta
471 704 610 774 semper.
668 677 745 749 Hoc
773 679 882 774 ipsum
902 677 1052 747 Inlieinm
1076 679 1225 772 scripturn
1244 675 1279 742 in·

247 783 323 855 veni
356 783 391 852 in
419 798 575 852 M.1UN11
605 783 859 868 commentariis,
898 783 988 879 qnod
1016 800 1127 851 tamen
1149 781 1190 850 ibi
1212 779 1280 847 iden

250 905 302 962 ert
324 887 414 985 quod
435 883 544 956 illicite
566 885 678 973 illene
714 911 798 981 quae
822 913 896 958 cum
917 887 947 958 E
971 903 1004 958 et
1027 885 1055 957 C
1080 912 1155 958 curn
1178 883 1209 954 G
1228 908 1279 952 mn·

248 1017 349 1090 guam
371 991 493 1063 habeut
514 990 788 1065 communitatem.

248 1293 398 1376 occentus]
418 1297 560 1358 adcencnc
580 1294 654 1358 Cod.
673 1298 708 1359 B.

248 1398 404 1479 intererat]
424 1401 552 1463 intereat
572 1399 664 1461 Havn.
684 1399 762 1462 Edit.
782 1399 875 1484 princ.
895 1411 952 1461 ret

251 1499 340 1586 quoi]
359 1503 454 1564 Havn.
471 1533 515 1548 ·-
531 1503 583 1562 cui
597 1502 696 1564 ceteri.

249 1601 422 1688 imperaret]
441 1605 563 1681 imperet
579 1605 673 1666 ΗΜ.

251 1721 283 1771 et
302 1707 371 1770 dicis
391 1706 486 1787 enum]
508 1707 692 1769 Flor.Havn.
707 1739 748 1754 -
768 1721 797 1767 et
817 1699 1016 1768 diciccnussn
1039 1704 1141 1768 Codex
1160 1706 1193 1766 B.
1212 1703 1278 1786 i'nlg.

290 1788 426 1849 Vertran.
446 1789 610 1848 -etenim
630 1788 705 1846 dicis
724 1809 827 1847 caussa
849 1786 967 1869 Sciopp.
986 1817 1027 1832 -
1047 1800 1076 1848 et
1097 1787 1217 1846 dc'cr'rnm
1232 1807 1279 1843 mn

290 1867 370 1929 Edit.
379 1866 481 2008 (fuine.
501 1879 559 1928 vet.
586 1865 675 1926 Rhol.
696 1867 801 1926 Venet.
822 1868 844 1926 1.
865 1867 901 1925 ll.
925 1867 993 1927 Atd.
1014 1866 1079 1927 Bne.
1099 1866 1164 1926 Par.
1184 1861 1278 1946 Grypb.

289 1979 331 1996 -
350 1946 378 2008 ri
398 1990 405 2005 .
426 1947 538 2006 Victor.
559 1947 629 2006 Van.
648 1945 730 2005 Lect.
749 1945 834 2021 vul,
853 1947 901 2006 tt.

250 2047 373 2128 flebunt]
399 2047 479 2144 illoc.
499 2049 593 2109 Horu.
615 2045 715 2107 Codex
735 2048 769 2108 B.
788 2048 877 2132 Vulg.
896 2049 995 2110 Vertr.
1015 2048 1133 2130 Sciopp.
1154 2045 1279 2184 —Alelct

234 2205 241 2220 Ι
290 2128 346 2189 Ed.
366 2149 458 2209 perne.
478 2140 535 2189 vet.
556 2126 644 2187 Rhol.
664 2127 737 2186 Ven.
758 2127 780 2188 l.
801 2128 837 2187 11.
857 2127 925 2189 Atd.
945 2129 1008 2188 Bos.
1027 2127 1091 2188 Par.
1114 2125 1198 2209 Gryp
1218 2169 1225 2184 .

251 2251 346 2312 neque
365 2230 434 2291 item
455 2231 528 2291 lacta
548 2275 556 2290 .
578 2274 585 2289 .
606 2272 614 2287 .
634 2227 761 2310 semper]
783 2231 892 2291 omittit
911 2230 1029 2312 Sciopp.
1133 2277 1136 2282 .

251 2333 381 2396 inliciom
399 2329 555 2415 scriptum]
576 2332 694 2414 Seiopp.
714 2333 744 2392 in
765 2353 866 2416 mnrg.:
888 2331 1020 2426 Quidam
1032 2334 1097 2392 l'et.
1111 2331 1222 2394 Codex.-
1238 2327 1280 2388 El·

291 2413 402 2494 legium
425 2415 575 2488 scriptum.
599 2444 641 2458 -
674 2411 831 2493 Enlegium
855 2423 941 2474 tacete
966 2412 1137 2474 Crneconiur
1155 2411 1190 2472 ad
1208 2408 1280 2470 Coln·

291 2513 386 2552 mnam
405 2491 533 2552 Rostrnt.
553 2512 618 2576 pag.
633 2492 682 2551 2⁰.
700 2513 740 2536 *—
759 2493 908 2552 inlicitum
925 2493 1067 2567 scriptum
1086 2514 1131 2574 pr.
1150 2513 1188 2550 nr.
1205 2491 1280 2550 Hrm

289 2603 331 2618 —·
350 2571 433 2631 Fort.
452 2572 589 2632 Indicium
607 2569 766 2650 Enleginm
782 2573 930 2646 scriptum.

254 2674 333 2756 quod
351 2668 464 2754 tamen]
485 2685 513 2733 et
534 2685 632 2733 tamen
653 2673 727 2734 cod.
747 2673 781 2732 B.
802 2671 879 2733 Edit.
904 2673 998 2754 princ.
1017 2683 1075 2734 vet.

252 2775 294 2840 ibi
312 2772 402 2856 idem]
430 2775 565 2835 Vertran.
585 2774 703 2914 Sciopr.
723 2807 763 2821 -
782 2777 890 2835 ibidem
909 2773 1039 2836 Flordnt.
1059 2774 1153 2836 ann.
1173 2773 1242 2836 Cod.
1257 2737 1293 2830 n

293 2855 347 2916 Ed.
368 2854 459 2937 princ.
478 2865 582 2914 retunt.
607 2855 696 2934 Rho.
715 2856 788 2914 Ven.
811 2854 832 2914 l.
854 2857 887 2915 11.
909 2855 977 2916 Atd.
997 2855 1060 2916 Bas.
1079 2855 1167 2915 Parin
1187 2851 1282 2934 Gryph.

291 2934 380 3019 Vulg.
399 2965 440 2980 —
465 2935 535 2992 item
555 2932 723 2996 Ciacconius
742 2931 789 2993 loc
809 2933 883 2994 laud.

195 3023 199 3030 ’
253 3038 352 3098 tutem
372 3031 480 3120 ntextc]
500 3023 632 3098 roten.
651 3036 728 3096 unte
774 3037 844 3098 ene.
862 3049 967 3099 vensi.
988 3035 1076 3097 mot.
1095 3037 1201 3097 vener.
1221 3037 1242 3094 1.
1256 3019 1291 3092 n:

293 3115 358 3178 Ald.
386 3115 471 3176 Basil.
496 3115 584 3175 Paris.
605 3115 651 3174 Gr
673 3115 719 3197 ph.
770 3116 857 3200 ulgat.
875 3150 916 3164 —
944 3119 1059 3178 inlicite
1077 3117 1188 3178 inlexit
1206 3116 1280 3174 Ham

293 3227 333 3242 -
353 3197 451 3255 inlicit
469 3209 496 3256 et
515 3197 624 3255 inlexit
646 3137 717 3256 dod.
739 3196 772 3256 B.
794 3229 834 3242 -
858 3197 950 3257 illicit
972 3212 999 3256 et
1019 3197 1123 3255 illecit
1143 3195 1241 3255 Vertr.
1256 3221 1282 3236 ··

293 3275 386 3336 illicit
407 3289 435 3334 et
455 3276 558 3352 ellegit
579 3273 696 3356 Sciopp.
716 3307 756 3322 -
780 3277 873 3336 illicit
893 3290 921 3335 et
941 3277 1042 3356 illegit
1064 3274 1241 3336 Ciaccouiun
1256 3301 1282 3316 -

293 3355 406 3448 illiflit,
436 3355 602 3430 metitque,
632 3357 646 3414 i
664 3373 727 3414 ctam
746 3377 763 3414 e
782 3369 810 3414 et
831 3378 847 3415 c
865 3378 928 3416 cum
944 3378 968 3437 ὅ
987 3377 1126 3435 magnum
1145 3355 1235 3414 halet
1249 3351 1288 3432 osy

284 3436 440 3512 finitatem
458 3431 621 3494 Turnebus.
1287 3443 1288 3451 ’

254 3555 326 3617 qnae
352 3555 416 3594 eum
441 3535 466 3592 E
487 3545 517 3594 et
537 3533 563 3595 C
583 3556 646 3596 eum
667 3531 724 3618 G.]
754 3522 960 3599 FlorentsEd.
979 3533 1071 3618 print.
1091 3547 1196 3598 retunt.
1215 3529 1287 3596 Rtott

292 3615 397 3674 Venet.
418 3615 440 3672 l.
461 3615 499 3673 ll.
518 3613 585 3676 Aid.
605 3617 668 3676 Bos.
687 3616 752 3676 Par.
773 3615 888 3698 Gryph.
908 3614 995 3699 Vulg.
1015 3647 1056 3662 -
1090 3639 1169 3691 quae
1187 3640 1248 3676 curn
1262 3609 1283 3670 G

292 3708 321 3752 et
344 3694 370 3752 G
391 3691 464 3752 cod.
484 3693 517 3753 B.
531 3725 571 3738 -
591 3697 661 3771 quia
681 3697 702 3756 l
718 3719 781 3756 cnm
801 3696 837 3764 E,
859 3711 887 3756 et
908 3695 940 3755 C.
961 3719 1024 3754 cum
1044 3695 1072 3755 G
1092 3694 1209 3774 quidum
1231 3685 1283 3786 apul

291 3770 496 3856 Augurinum,
515 3773 583 3832 item
605 3773 708 3835 omisso
729 3790 757 3836 et
777 3777 894 3856 Sciopp.
908 3806 948 3821 -
969 3776 1041 3852 queit
1060 3775 1082 3833 Ι
1096 3797 1161 3834 cnm
1182 3773 1215 3834 E
1234 3775 1248 3828 i

290 3864 366 3912 tran.
391 3851 494 3912 ceteris
519 3853 640 3924 omissis;
673 3853 722 3915 itte
747 3857 870 3932 qnidam
895 3865 939 3914 est
959 3853 1143 3931 Cincconins,
1178 3851 1254 3936 quil

291 3929 340 3992 eit.
359 3929 399 3990 ita
419 3929 488 3991 haec
509 3929 632 3992 laudavit
651 3933 751 4008 verbm
771 3933 846 3996 hand
866 3931 952 3994 dubie
970 3953 1048 3994 rere.
1255 3867 1284 4016 Ἵ

248 4027 372 4114 habent]
392 4031 523 4095 habeant
540 4031 614 4098 Cod.
634 4037 669 4098 B.
